day;timestamp;product;bid_price_1;bid_volume_1;bid_price_2;bid_volume_2;bid_price_3;bid_volume_3;ask_price_1;ask_volume_1;ask_price_2;ask_volume_2;ask_price_3;ask_volume_3;mid_price;profit_and_loss
4;0;SQUID_INK;1928.0;22.0;;;;;1931;2;1932.0;20.0;;;1929.5;0.0
4;0;CROISSANTS;4296.0;129.0;;;;;4297;37;4298.0;92.0;;;4296.5;0.0
4;0;JAMS;6446.0;92.0;6445.0;107.0;;;6447;92;6448.0;107.0;;;6446.5;0.0
4;0;VOLCANIC_ROCK_VOUCHER_10000;34.0;21.0;;;;;35;21;;;;;34.5;0.0
4;0;KELP;2036.0;22.0;;;;;2040;22;;;;;2038.0;0.0
4;0;VOLCANIC_ROCK_VOUCHER_10250;2.0;21.0;;;;;3;21;;;;;2.5;0.0
4;0;DJEMBES;13372.0;24.0;13371.0;39.0;;;13373;63;;;;;13372.5;0.0
4;0;VOLCANIC_ROCK_VOUCHER_10500;0.0;21.0;;;;;2;21;;;;;1.0;0.0
4;0;VOLCANIC_ROCK_VOUCHER_9750;186.0;21.0;;;;;187;21;;;;;186.5;0.0
4;0;PICNIC_BASKET1;58330.0;2.0;58329.0;19.0;58328.0;24.0;58339;2;58340.0;19.0;58341.0;24.0;58334.5;0.0
4;0;PICNIC_BASKET2;30129.0;21.0;30128.0;24.0;;;30134;2;30135.0;43.0;;;30131.5;0.0
4;0;VOLCANIC_ROCK_VOUCHER_9500;421.0;21.0;;;;;422;21;;;;;421.5;0.0
4;0;RAINFOREST_RESIN;9992.0;35.0;;;;;10008;35;;;;;10000.0;0.0
4;0;MAGNIFICENT_MACARONS;795.0;12.0;793.0;19.0;787.0;20.0;803;6;812.0;20.0;818.0;19.0;799.0;0.0
4;0;VOLCANIC_ROCK;9920.0;133.0;9919.0;47.0;;;9922;180;;;;;9921.0;0.0
4;100;VOLCANIC_ROCK_VOUCHER_9500;420.0;19.0;;;;;421;19;;;;;420.5;0.0
4;100;RAINFOREST_RESIN;9992.0;30.0;;;;;10008;30;;;;;10000.0;0.0
4;100;VOLCANIC_ROCK_VOUCHER_10250;2.0;19.0;;;;;3;19;;;;;2.5;-0.3464994430541992
4;100;SQUID_INK;1924.0;1.0;1923.0;27.0;;;1925;5;1927.0;28.0;;;1924.5;0.0
4;100;VOLCANIC_ROCK;9919.0;109.0;9918.0;57.0;;;9920;109;9921.0;57.0;;;9919.5;0.0
4;100;VOLCANIC_ROCK_VOUCHER_10500;0.0;19.0;;;;;2;19;;;;;1.0;0.0
4;100;CROISSANTS;4296.0;104.0;;;;;4297;46;4298.0;58.0;;;4296.5;0.0
4;100;MAGNIFICENT_MACARONS;789.0;12.0;786.0;18.0;780.0;27.0;797;6;805.0;27.0;811.0;18.0;793.0;0.0
4;100;VOLCANIC_ROCK_VOUCHER_10000;32.0;19.0;;;;;33;19;;;;;32.5;0.0
4;100;JAMS;6445.0;231.0;;;;;6447;231;;;;;6446.0;0.0
4;100;DJEMBES;13373.0;53.0;;;;;13374;53;;;;;13373.5;0.0
4;100;KELP;2036.0;28.0;;;;;2037;5;2040.0;28.0;;;2036.5;0.0
4;100;VOLCANIC_ROCK_VOUCHER_9750;184.0;19.0;;;;;185;19;;;;;184.5;6.5245361328125
4;100;PICNIC_BASKET1;58333.0;7.0;58329.0;1.0;58328.0;18.0;58338;1;58339.0;18.0;58340.0;20.0;58335.5;0.0
4;100;PICNIC_BASKET2;30131.0;7.0;30129.0;1.0;30128.0;38.0;30134;19;30135.0;20.0;;;30132.5;0.0
4;200;MAGNIFICENT_MACARONS;787.0;12.0;784.0;15.0;778.0;22.0;795;6;803.0;22.0;809.0;15.0;791.0;0.0
4;200;DJEMBES;13372.0;58.0;;;;;13373;58;;;;;13372.5;0.0
4;200;VOLCANIC_ROCK_VOUCHER_10500;0.0;17.0;;;;;2;17;;;;;1.0;0.0
4;200;VOLCANIC_ROCK_VOUCHER_9750;183.0;17.0;;;;;184;17;;;;;183.5;16.364013671875
4;200;PICNIC_BASKET1;58334.0;1.0;58325.0;2.0;58324.0;15.0;58335;15;58336.0;15.0;;;58334.5;0.0
4;200;CROISSANTS;4296.0;146.0;;;;;4297;146;;;;;4296.5;0.0
4;200;PICNIC_BASKET2;30133.0;3.0;30129.0;2.0;30128.0;30.0;30134;17;30135.0;15.0;;;30133.5;0.0
4;200;VOLCANIC_ROCK_VOUCHER_9500;420.0;17.0;;;;;421;17;;;;;420.5;0.0
4;200;SQUID_INK;1927.0;24.0;;;;;1930;24;;;;;1928.5;0.0
4;200;VOLCANIC_ROCK_VOUCHER_10000;34.0;17.0;;;;;35;17;;;;;34.5;0.0
4;200;JAMS;6445.0;290.0;;;;;6447;290;;;;;6446.0;0.0
4;200;KELP;2036.0;24.0;;;;;2040;24;;;;;2038.0;0.0
4;200;VOLCANIC_ROCK;9919.0;104.0;9918.0;69.0;;;9920;104;9921.0;69.0;;;9919.5;0.0
4;200;RAINFOREST_RESIN;9992.0;27.0;;;;;10008;27;;;;;10000.0;0.0
4;200;VOLCANIC_ROCK_VOUCHER_10250;2.0;17.0;;;;;3;17;;;;;2.5;-0.5640010833740234
4;300;VOLCANIC_ROCK_VOUCHER_10250;2.0;28.0;;;;;3;18;;;;;2.5;-1.055999755859375
4;300;SQUID_INK;1926.0;30.0;;;;;1929;30;;;;;1927.5;0.0
4;300;VOLCANIC_ROCK;9918.0;145.0;9917.0;67.0;;;9920;212;;;;;9919.0;0.0
4;300;VOLCANIC_ROCK_VOUCHER_10500;1.0;10.0;0.0;18.0;;;2;18;;;;;1.5;0.0
4;300;RAINFOREST_RESIN;9992.0;31.0;;;;;10008;31;;;;;10000.0;0.0
4;300;VOLCANIC_ROCK_VOUCHER_10000;33.0;28.0;;;;;34;18;;;;;33.5;0.0
4;300;JAMS;6446.0;60.0;6445.0;145.0;;;6447;60;6448.0;145.0;;;6446.5;0.0
4;300;DJEMBES;13372.0;51.0;;;;;13374;51;;;;;13373.0;0.0
4;300;KELP;2036.0;30.0;;;;;2039;2;2040.0;28.0;;;2037.5;0.0
4;300;VOLCANIC_ROCK_VOUCHER_9750;182.0;28.0;;;;;183;18;;;;;182.5;22.828125
4;300;PICNIC_BASKET1;58338.0;3.0;58334.0;2.0;58333.0;31.0;58343;2;58344.0;16.0;58345.0;15.0;58340.5;0.0
4;300;PICNIC_BASKET2;30126.0;3.0;30124.0;2.0;30123.0;31.0;30129;2;30130.0;31.0;;;30127.5;0.0
4;300;VOLCANIC_ROCK_VOUCHER_9500;419.0;28.0;;;;;421;18;;;;;420.0;0.0
4;300;MAGNIFICENT_MACARONS;785.0;12.0;782.0;16.0;776.0;28.0;793;6;801.0;28.0;807.0;16.0;789.0;0.0
4;300;CROISSANTS;4296.0;56.0;4295.0;60.0;;;4297;108;;;;;4296.5;0.0
4;400;VOLCANIC_ROCK_VOUCHER_9750;183.0;10.0;;;;;184;10;;;;;183.5;15.092041015625
4;400;PICNIC_BASKET1;58330.0;10.0;58329.0;24.0;;;58341;10;58342.0;24.0;;;58335.5;0.0
4;400;PICNIC_BASKET2;30123.0;10.0;30122.0;24.0;;;30129;34;;;;;30126.0;0.0
4;400;VOLCANIC_ROCK_VOUCHER_9500;418.0;10.0;;;;;419;10;;;;;418.5;0.0
4;400;RAINFOREST_RESIN;9992.0;27.0;;;;;10008;27;;;;;10000.0;0.0
4;400;MAGNIFICENT_MACARONS;780.0;14.0;778.0;10.0;772.0;20.0;788;7;797.0;20.0;803.0;10.0;784.0;0.0
4;400;SQUID_INK;1927.0;20.0;;;;;1930;20;;;;;1928.5;0.0
4;400;VOLCANIC_ROCK_VOUCHER_10000;30.0;10.0;;;;;31;10;;;;;30.5;0.0
4;400;CROISSANTS;4295.0;115.0;;;;;4297;115;;;;;4296.0;0.0
4;400;JAMS;6446.0;80.0;6445.0;195.0;;;6447;80;6448.0;195.0;;;6446.5;0.0
4;400;KELP;2036.0;20.0;;;;;2039;20;;;;;2037.5;0.0
4;400;VOLCANIC_ROCK;9917.0;104.0;9916.0;61.0;;;9918;104;9919.0;61.0;;;9917.5;0.0
4;400;VOLCANIC_ROCK_VOUCHER_10250;2.0;10.0;;;;;3;10;;;;;2.5;-2.055999755859375
4;400;DJEMBES;13372.0;74.0;;;;;13373;24;13374.0;50.0;;;13372.5;0.0
4;400;VOLCANIC_ROCK_VOUCHER_10500;0.0;10.0;;;;;2;10;;;;;1.0;0.0
4;500;VOLCANIC_ROCK;9916.0;208.0;;;;;9918;130;9919.0;78.0;;;9917.0;0.0
4;500;VOLCANIC_ROCK_VOUCHER_10500;0.0;21.0;;;;;2;21;;;;;1.0;0.0
4;500;VOLCANIC_ROCK_VOUCHER_10000;32.0;21.0;;;;;33;21;;;;;32.5;0.0
4;500;MAGNIFICENT_MACARONS;778.0;20.0;776.0;19.0;770.0;27.0;786;10;795.0;27.0;801.0;19.0;782.0;0.0
4;500;CROISSANTS;4295.0;136.0;;;;;4296;38;4297.0;98.0;;;4295.5;0.0
4;500;JAMS;6446.0;268.0;;;;;6448;268;;;;;6447.0;0.0
4;500;DJEMBES;13374.0;30.0;13373.0;45.0;;;13375;75;;;;;13374.5;0.0
4;500;KELP;2038.0;5.0;2036.0;29.0;;;2039;29;;;;;2038.5;0.0
4;500;VOLCANIC_ROCK_VOUCHER_9750;181.0;21.0;;;;;182;21;;;;;181.5;38.00146484375
4;500;PICNIC_BASKET1;58330.0;2.0;58329.0;19.0;58328.0;30.0;58339;2;58340.0;19.0;58341.0;30.0;58334.5;0.0
4;500;PICNIC_BASKET2;30124.0;21.0;30123.0;30.0;;;30129;2;30130.0;49.0;;;30126.5;0.0
4;500;VOLCANIC_ROCK_VOUCHER_9500;418.0;21.0;;;;;419;21;;;;;418.5;0.0
4;500;RAINFOREST_RESIN;9992.0;26.0;;;;;10008;26;;;;;10000.0;0.0
4;500;VOLCANIC_ROCK_VOUCHER_10250;2.0;21.0;;;;;3;21;;;;;2.5;-3.2399978637695312
4;500;SQUID_INK;1927.0;5.0;1925.0;29.0;;;1929;29;;;;;1928.0;0.0
4;600;VOLCANIC_ROCK_VOUCHER_10000;28.0;13.0;;;;;29;13;;;;;28.5;0.0
4;600;SQUID_INK;1926.0;24.0;;;;;1929;24;;;;;1927.5;0.0
4;600;KELP;2036.0;24.0;;;;;2039;24;;;;;2037.5;0.0
4;600;JAMS;6446.0;254.0;;;;;6448;254;;;;;6447.0;0.0
4;600;VOLCANIC_ROCK;9918.0;130.0;9917.0;75.0;;;9920;205;;;;;9919.0;0.0
4;600;RAINFOREST_RESIN;9992.0;27.0;;;;;10008;27;;;;;10000.0;0.0
4;600;VOLCANIC_ROCK_VOUCHER_10250;2.0;13.0;;;;;3;13;;;;;2.5;-2.66400146484375
4;600;MAGNIFICENT_MACARONS;778.0;14.0;775.0;12.0;769.0;23.0;786;7;794.0;23.0;800.0;12.0;782.0;0.0
4;600;DJEMBES;13373.0;66.0;;;;;13375;66;;;;;13374.0;0.0
4;600;VOLCANIC_ROCK_VOUCHER_10500;0.0;13.0;;;;;2;13;;;;;1.0;0.0
4;600;VOLCANIC_ROCK_VOUCHER_9750;183.0;13.0;;;;;184;13;;;;;183.5;12.12646484375
4;600;PICNIC_BASKET1;58325.0;1.0;58324.0;12.0;58323.0;26.0;58329;1;58334.0;1.0;58335.0;12.0;58327.0;0.0
4;600;CROISSANTS;4295.0;139.0;;;;;4296;39;4297.0;100.0;;;4295.5;0.0
4;600;PICNIC_BASKET2;30123.0;1.0;30122.0;38.0;;;30125;1;30128.0;1.0;30129.0;38.0;30124.0;0.0
4;600;VOLCANIC_ROCK_VOUCHER_9500;419.0;13.0;;;;;420;13;;;;;419.5;0.0
4;700;VOLCANIC_ROCK_VOUCHER_9750;182.0;20.0;;;;;183;20;;;;;182.5;25.993896484375
4;700;PICNIC_BASKET1;58321.0;2.0;58320.0;18.0;58319.0;24.0;58330;2;58331.0;18.0;58332.0;24.0;58325.5;0.0
4;700;PICNIC_BASKET2;30121.0;20.0;30120.0;24.0;;;30126;2;30127.0;42.0;;;30123.5;0.0
4;700;VOLCANIC_ROCK_VOUCHER_9500;419.0;20.0;;;;;420;20;;;;;419.5;0.0
4;700;MAGNIFICENT_MACARONS;776.0;10.0;772.0;10.0;770.0;18.0;780;5;789.0;29.0;795.0;18.0;778.0;0.0
4;700;CROISSANTS;4295.0;37.0;4294.0;80.0;;;4296;117;;;;;4295.5;0.0
4;700;VOLCANIC_ROCK_VOUCHER_10250;2.0;20.0;;;;;3;20;;;;;2.5;-3.3949966430664062
4;700;SQUID_INK;1931.0;4.0;1929.0;31.0;;;1932;31;;;;;1931.5;0.0
4;700;VOLCANIC_ROCK;9918.0;10.0;9917.0;184.0;;;9919;120;9920.0;64.0;;;9918.5;0.0
4;700;VOLCANIC_ROCK_VOUCHER_10500;0.0;20.0;;;;;2;20;;;;;1.0;0.0
4;700;RAINFOREST_RESIN;9992.0;32.0;;;;;10008;32;;;;;10000.0;0.0
4;700;VOLCANIC_ROCK_VOUCHER_10000;36.0;20.0;;;;;37;20;;;;;36.5;0.0
4;700;KELP;2038.0;4.0;2036.0;31.0;;;2039;31;;;;;2038.5;0.0
4;700;JAMS;6446.0;206.0;;;;;6448;206;;;;;6447.0;0.0
4;700;DJEMBES;13373.0;55.0;;;;;13375;55;;;;;13374.0;0.0
4;800;VOLCANIC_ROCK_VOUCHER_10000;33.0;18.0;;;;;34;18;;;;;33.5;10.949005126953123
4;800;SQUID_INK;1934.0;23.0;;;;;1937;23;;;;;1935.5;0.0
4;800;CROISSANTS;4295.0;62.0;4294.0;97.0;;;4296;152;;;;;4295.5;0.0
4;800;KELP;2036.0;2.0;2035.0;21.0;;;2039;23;;;;;2037.5;0.0
4;800;JAMS;6446.0;273.0;;;;;6448;277;;;;;6447.0;0.0
4;800;VOLCANIC_ROCK;9919.0;124.0;9918.0;76.0;;;9920;124;9921.0;76.0;;;9919.5;0.0
4;800;VOLCANIC_ROCK_VOUCHER_10250;2.0;18.0;;;;;3;18;;;;;2.5;-2.7159957885742188
4;800;DJEMBES;13373.0;64.0;;;;;13374;64;;;;;13373.5;0.0
4;800;VOLCANIC_ROCK_VOUCHER_10500;0.0;18.0;;;;;2;18;;;;;1.0;0.0
4;800;VOLCANIC_ROCK_VOUCHER_9750;182.0;18.0;;;;;183;18;;;;;182.5;24.238037109375
4;800;PICNIC_BASKET1;58323.0;2.0;58322.0;16.0;58321.0;20.0;58332;2;58333.0;16.0;58334.0;20.0;58327.5;0.0
4;800;PICNIC_BASKET2;30122.0;2.0;30121.0;36.0;;;30127;18;30128.0;20.0;;;30124.5;0.0
4;800;VOLCANIC_ROCK_VOUCHER_9500;420.0;18.0;;;;;421;18;;;;;420.5;0.0
4;800;RAINFOREST_RESIN;9992.0;30.0;;;;;9999;1;10008.0;30.0;;;9995.5;0.0
4;800;MAGNIFICENT_MACARONS;769.0;20.0;767.0;16.0;761.0;21.0;777;10;786.0;21.0;792.0;16.0;773.0;0.0
4;900;VOLCANIC_ROCK_VOUCHER_9500;420.0;14.0;;;;;421;14;;;;;420.5;0.0
4;900;RAINFOREST_RESIN;9997.0;6.0;9992.0;34.0;;;10008;34;;;;;10002.5;0.0
4;900;VOLCANIC_ROCK_VOUCHER_10250;2.0;14.0;;;;;3;14;;;;;2.5;-3.762008666992187
4;900;SQUID_INK;1936.0;21.0;;;;;1940;21;;;;;1938.0;0.0
4;900;VOLCANIC_ROCK;9918.0;189.0;;;;;9919;7;9920.0;123.0;9921.0;66.0;9918.5;0.0
4;900;VOLCANIC_ROCK_VOUCHER_10500;0.0;14.0;;;;;2;14;;;;;1.0;0.0
4;900;MAGNIFICENT_MACARONS;767.0;18.0;765.0;14.0;759.0;21.0;775;9;784.0;21.0;790.0;14.0;771.0;0.0
4;900;VOLCANIC_ROCK_VOUCHER_10000;30.0;14.0;;;;;31;14;;;;;30.5;25.781005859375
4;900;CROISSANTS;4295.0;121.0;;;;;4296;121;;;;;4295.5;0.0
4;900;KELP;2035.0;21.0;;;;;2039;21;;;;;2037.0;0.0
4;900;JAMS;6446.0;229.0;;;;;6448;229;;;;;6447.0;0.0
4;900;DJEMBES;13373.0;26.0;13372.0;47.0;;;13374;77;;;;;13373.5;0.0
4;900;VOLCANIC_ROCK_VOUCHER_9750;181.0;14.0;;;;;182;14;;;;;181.5;52.1162109375
4;900;PICNIC_BASKET1;58324.0;14.0;58323.0;30.0;;;58335;14;58336.0;30.0;;;58329.5;0.0
4;900;PICNIC_BASKET2;30122.0;44.0;;;;;30128;14;30129.0;30.0;;;30125.0;0.0
4;1000;MAGNIFICENT_MACARONS;767.0;10.0;765.0;14.0;759.0;26.0;776;5;784.0;26.0;790.0;14.0;771.5;0.0
4;1000;DJEMBES;13372.0;70.0;;;;;13374;70;;;;;13373.0;0.0
4;1000;VOLCANIC_ROCK_VOUCHER_10500;0.0;16.0;;;;;2;16;;;;;1.0;0.0
4;1000;VOLCANIC_ROCK_VOUCHER_9750;181.0;16.0;;;;;182;16;;;;;181.5;41.828125
4;1000;PICNIC_BASKET1;58330.0;2.0;58329.0;14.0;58328.0;23.0;58339;2;58340.0;14.0;58341.0;23.0;58334.5;0.0
4;1000;CROISSANTS;4295.0;107.0;;;;;4296;48;4297.0;59.0;;;4295.5;0.0
4;1000;PICNIC_BASKET2;30123.0;16.0;30122.0;23.0;;;30129;16;30130.0;23.0;;;30126.0;0.0
4;1000;VOLCANIC_ROCK_VOUCHER_9500;418.0;16.0;;;;;419;16;;;;;418.5;0.0
4;1000;VOLCANIC_ROCK_VOUCHER_10000;32.0;16.0;;;;;33;16;;;;;32.5;17.861007690429688
4;1000;SQUID_INK;1936.0;27.0;;;;;1939;28;;;;;1937.5;0.0
4;1000;KELP;2036.0;27.0;;;;;2039;28;;;;;2037.5;0.0
4;1000;JAMS;6446.0;240.0;;;;;6448;240;;;;;6447.0;0.0
4;1000;VOLCANIC_ROCK;9917.0;107.0;9916.0;50.0;;;9919;157;;;;;9918.0;0.0
4;1000;RAINFOREST_RESIN;9992.0;31.0;;;;;10008;31;;;;;10000.0;0.0
4;1000;VOLCANIC_ROCK_VOUCHER_10250;2.0;16.0;;;;;3;16;;;;;2.5;-5.37750244140625
4;1100;VOLCANIC_ROCK_VOUCHER_10250;2.0;15.0;;;;;3;15;;;;;2.5;-4.3249969482421875
4;1100;SQUID_INK;1938.0;23.0;;;;;1940;3;1941.0;24.0;;;1939.0;0.0
4;1100;VOLCANIC_ROCK;9918.0;130.0;9917.0;69.0;;;9920;199;;;;;9919.0;0.0
4;1100;VOLCANIC_ROCK_VOUCHER_10500;0.0;15.0;;;;;2;15;;;;;1.0;0.0
4;1100;RAINFOREST_RESIN;9992.0;35.0;;;;;10008;35;;;;;10000.0;0.0
4;1100;VOLCANIC_ROCK_VOUCHER_10000;33.0;15.0;;;;;34;15;;;;;33.5;14.809494018554688
4;1100;DJEMBES;13373.0;20.0;13372.0;41.0;;;13374;61;;;;;13373.5;0.0
4;1100;KELP;2036.0;23.0;;;;;2038;3;2039.0;24.0;;;2037.0;0.0
4;1100;JAMS;6447.0;79.0;6446.0;185.0;;;6448;79;6449.0;185.0;;;6447.5;0.0
4;1100;VOLCANIC_ROCK_VOUCHER_9750;181.0;15.0;;;;;182;15;;;;;181.5;42.6923828125
4;1100;PICNIC_BASKET1;58333.0;15.0;58332.0;20.0;;;58344;15;58345.0;20.0;;;58338.5;0.0
4;1100;PICNIC_BASKET2;30125.0;15.0;30124.0;20.0;;;30131;35;;;;;30128.0;0.0
4;1100;VOLCANIC_ROCK_VOUCHER_9500;420.0;15.0;;;;;421;15;;;;;420.5;0.0
4;1100;MAGNIFICENT_MACARONS;770.0;18.0;767.0;15.0;761.0;24.0;778;9;786.0;24.0;792.0;15.0;774.0;0.0
4;1100;CROISSANTS;4296.0;44.0;4295.0;79.0;;;4297;123;;;;;4296.5;0.0
4;1200;PICNIC_BASKET2;30126.0;19.0;30125.0;29.0;;;30128;1;30131.0;1.0;30132.0;47.0;30127.0;0.0
4;1200;VOLCANIC_ROCK_VOUCHER_9500;418.0;19.0;;;;;419;19;;;;;418.5;0.0
4;1200;PICNIC_BASKET1;58342.0;1.0;58341.0;18.0;58340.0;29.0;58346;1;58351.0;1.0;58352.0;18.0;58344.0;0.0
4;1200;RAINFOREST_RESIN;9997.0;5.0;9992.0;31.0;;;10008;31;;;;;10002.5;0.0
4;1200;VOLCANIC_ROCK_VOUCHER_9750;180.0;19.0;;;;;181;19;;;;;180.5;52.447998046875
4;1200;MAGNIFICENT_MACARONS;768.0;16.0;766.0;18.0;760.0;23.0;776;8;785.0;23.0;791.0;18.0;772.0;0.0
4;1200;VOLCANIC_ROCK_VOUCHER_10000;31.0;19.0;;;;;32;19;;;;;31.5;29.519989013671875
4;1200;SQUID_INK;1934.0;24.0;;;;;1937;24;;;;;1935.5;0.0
4;1200;CROISSANTS;4296.0;50.0;4295.0;66.0;;;4297;116;;;;;4296.5;0.0
4;1200;KELP;2035.0;24.0;;;;;2039;24;;;;;2037.0;0.0
4;1200;JAMS;6447.0;185.0;;;;;6449;185;;;;;6448.0;0.0
4;1200;VOLCANIC_ROCK;9916.0;100.0;9915.0;42.0;;;9918;142;;;;;9917.0;0.0
4;1200;VOLCANIC_ROCK_VOUCHER_10250;2.0;19.0;;;;;3;19;;;;;2.5;-8.00250244140625
4;1200;DJEMBES;13374.0;77.0;;;;;13375;77;;;;;13374.5;0.0
4;1200;VOLCANIC_ROCK_VOUCHER_10500;0.0;19.0;;;;;2;19;;;;;1.0;0.0
4;1300;VOLCANIC_ROCK_VOUCHER_10500;0.0;13.0;;;;;2;13;;;;;1.0;0.0
4;1300;VOLCANIC_ROCK;9919.0;110.0;9918.0;45.0;;;9920;110;9921.0;45.0;;;9919.5;0.0
4;1300;MAGNIFICENT_MACARONS;767.0;16.0;764.0;13.0;758.0;26.0;775;8;783.0;26.0;789.0;13.0;771.0;0.0
4;1300;DJEMBES;13375.0;52.0;;;;;13377;52;;;;;13376.0;0.0
4;1300;KELP;2035.0;26.0;;;;;2039;26;;;;;2037.0;0.0
4;1300;CROISSANTS;4296.0;44.0;4295.0;68.0;;;4297;112;;;;;4296.5;0.0
4;1300;JAMS;6447.0;230.0;;;;;6449;226;;;;;6448.0;0.0
4;1300;VOLCANIC_ROCK_VOUCHER_10000;33.0;13.0;;;;;34;13;;;;;33.5;13.24700927734375
4;1300;VOLCANIC_ROCK_VOUCHER_9750;180.0;13.0;;;;;181;13;;;;;180.5;46.718994140625
4;1300;PICNIC_BASKET2;30126.0;29.0;;;;;30132;13;30133.0;16.0;;;30129.0;0.0
4;1300;PICNIC_BASKET1;58343.0;13.0;58342.0;16.0;;;58354;13;58355.0;16.0;;;58348.5;0.0
4;1300;RAINFOREST_RESIN;10002.0;5.0;9992.0;31.0;;;10003;7;10008.0;31.0;;;10002.5;0.0
4;1300;VOLCANIC_ROCK_VOUCHER_9500;420.0;13.0;;;;;421;13;;;;;420.5;0.0
4;1300;VOLCANIC_ROCK_VOUCHER_10250;2.0;13.0;;;;;3;13;;;;;2.5;-4.626007080078125
4;1300;SQUID_INK;1934.0;26.0;;;;;1938;26;;;;;1936.0;0.0
4;1400;SQUID_INK;1936.0;24.0;;;;;1939;24;;;;;1937.5;0.0
4;1400;KELP;2035.0;24.0;;;;;2039;24;;;;;2037.0;0.0
4;1400;JAMS;6447.0;200.0;;;;;6449;200;;;;;6448.0;0.0
4;1400;VOLCANIC_ROCK_VOUCHER_10000;33.0;15.0;;;;;34;15;;;;;33.5;12.858001708984377
4;1400;RAINFOREST_RESIN;9992.0;25.0;;;;;10008;25;;;;;10000.0;0.0
4;1400;VOLCANIC_ROCK_VOUCHER_10250;2.0;15.0;;;;;3;15;;;;;2.5;-7.384002685546875
4;1400;VOLCANIC_ROCK;9917.0;161.0;;;;;9919;119;9920.0;42.0;;;9918.0;0.0
4;1400;MAGNIFICENT_MACARONS;766.0;20.0;764.0;13.0;758.0;22.0;774;10;783.0;22.0;789.0;13.0;770.0;0.0
4;1400;DJEMBES;13376.0;18.0;13375.0;50.0;;;13377;68;;;;;13376.5;0.0
4;1400;VOLCANIC_ROCK_VOUCHER_10500;0.0;15.0;;;;;2;15;;;;;1.0;0.0
4;1400;PICNIC_BASKET2;30131.0;2.0;30130.0;31.0;;;30136;15;30137.0;18.0;;;30133.5;0.0
4;1400;VOLCANIC_ROCK_VOUCHER_9500;419.0;15.0;;;;;420;15;;;;;419.5;0.0
4;1400;CROISSANTS;4296.0;57.0;4295.0;77.0;;;4297;134;;;;;4296.5;0.0
4;1400;PICNIC_BASKET1;58347.0;2.0;58346.0;13.0;58345.0;18.0;58356;2;58357.0;31.0;;;58351.5;0.0
4;1400;VOLCANIC_ROCK_VOUCHER_9750;181.0;15.0;;;;;182;15;;;;;181.5;45.0
4;1500;VOLCANIC_ROCK_VOUCHER_9750;183.0;12.0;;;;;184;12;;;;;183.5;45.0
4;1500;PICNIC_BASKET2;30128.0;12.0;30127.0;30.0;;;30134;42;;;;;30131.0;0.0
4;1500;PICNIC_BASKET1;58342.0;1.0;58341.0;11.0;58340.0;30.0;58351;1;58352.0;11.0;58353.0;30.0;58346.5;0.0
4;1500;MAGNIFICENT_MACARONS;763.0;14.0;761.0;11.0;755.0;24.0;771;7;780.0;24.0;786.0;11.0;767.0;0.0
4;1500;VOLCANIC_ROCK_VOUCHER_9500;419.0;12.0;;;;;420;12;;;;;419.5;0.0
4;1500;CROISSANTS;4295.0;113.0;;;;;4296;60;4297.0;53.0;;;4295.5;0.0
4;1500;VOLCANIC_ROCK_VOUCHER_10250;2.0;12.0;;;;;3;12;;;;;2.5;-6.6360015869140625
4;1500;SQUID_INK;1938.0;25.0;;;;;1942;25;;;;;1940.0;0.0
4;1500;VOLCANIC_ROCK_VOUCHER_10500;0.0;12.0;;;;;2;12;;;;;1.0;0.0
4;1500;RAINFOREST_RESIN;9992.0;26.0;;;;;9999;1;10008.0;26.0;;;9995.5;0.0
4;1500;VOLCANIC_ROCK;9918.0;146.0;9917.0;74.0;;;9920;220;;;;;9919.0;0.0
4;1500;DJEMBES;13375.0;77.0;;;;;13377;77;;;;;13376.0;0.0
4;1500;KELP;2035.0;25.0;;;;;2039;25;;;;;2037.0;0.0
4;1500;JAMS;6447.0;251.0;;;;;6449;251;;;;;6448.0;0.0
4;1500;VOLCANIC_ROCK_VOUCHER_10000;33.0;12.0;;;;;34;12;;;;;33.5;13.679931640625
4;1600;SQUID_INK;1942.0;27.0;;;;;1943;8;1946.0;27.0;;;1942.5;0.0
4;1600;KELP;2035.0;27.0;;;;;2036;8;2039.0;27.0;;;2035.5;0.0
4;1600;CROISSANTS;4295.0;126.0;;;;;4296;126;;;;;4295.5;0.0
4;1600;JAMS;6448.0;63.0;6447.0;170.0;;;6449;63;6450.0;170.0;;;6448.5;0.0
4;1600;VOLCANIC_ROCK_VOUCHER_10000;34.0;15.0;;;;;35;15;;;;;34.5;-19.1619873046875
4;1600;VOLCANIC_ROCK_VOUCHER_10250;2.0;15.0;;;;;3;15;;;;;2.5;-3.614990234375
4;1600;VOLCANIC_ROCK;9920.0;104.0;9919.0;78.0;;;9922;182;;;;;9921.0;0.0
4;1600;DJEMBES;13376.0;20.0;13375.0;35.0;;;13377;55;;;;;13376.5;0.0
4;1600;VOLCANIC_ROCK_VOUCHER_10500;0.0;15.0;;;;;2;15;;;;;1.0;0.0
4;1600;PICNIC_BASKET2;30132.0;4.0;30130.0;15.0;30129.0;20.0;30136;35;;;;;30134.0;0.0
4;1600;VOLCANIC_ROCK_VOUCHER_9500;421.0;15.0;;;;;422;15;;;;;421.5;0.0
4;1600;PICNIC_BASKET1;58346.0;4.0;58341.0;15.0;58340.0;20.0;58352;15;58353.0;20.0;;;58349.0;0.0
4;1600;RAINFOREST_RESIN;9992.0;35.0;;;;;10008;35;;;;;10000.0;0.0
4;1600;VOLCANIC_ROCK_VOUCHER_9750;183.0;15.0;;;;;184;15;;;;;183.5;42.86553955078125
4;1600;MAGNIFICENT_MACARONS;761.0;18.0;758.0;15.0;752.0;27.0;769;9;777.0;27.0;783.0;15.0;765.0;0.0
4;1700;RAINFOREST_RESIN;9992.0;26.0;;;;;10008;26;;;;;10000.0;0.0
4;1700;VOLCANIC_ROCK_VOUCHER_9500;423.0;29.0;;;;;424;19;;;;;423.5;0.0
4;1700;VOLCANIC_ROCK_VOUCHER_10250;3.0;29.0;;;;;4;19;;;;;3.5;0.6719970703125
4;1700;SQUID_INK;1942.0;25.0;;;;;1946;25;;;;;1944.0;0.0
4;1700;VOLCANIC_ROCK_VOUCHER_10500;1.0;10.0;0.0;19.0;;;2;19;;;;;1.5;0.0
4;1700;VOLCANIC_ROCK;9922.0;141.0;9921.0;48.0;;;9923;130;9924.0;48.0;;;9922.5;0.0
4;1700;DJEMBES;13377.0;55.0;;;;;13378;24;13379.0;31.0;;;13377.5;0.0
4;1700;CROISSANTS;4295.0;63.0;4294.0;95.0;;;4296;158;;;;;4295.5;0.0
4;1700;MAGNIFICENT_MACARONS;764.0;14.0;761.0;18.0;755.0;24.0;772;7;780.0;24.0;786.0;18.0;768.0;0.0
4;1700;JAMS;6448.0;95.0;6447.0;134.0;;;6449;95;6450.0;134.0;;;6448.5;0.0
4;1700;VOLCANIC_ROCK_VOUCHER_10000;33.0;29.0;;;;;34;19;;;;;33.5;5.9420166015625
4;1700;KELP;2036.0;1.0;2035.0;24.0;;;2039;25;;;;;2037.5;0.0
4;1700;VOLCANIC_ROCK_VOUCHER_9750;186.0;29.0;;;;;187;19;;;;;186.5;28.6290283203125
4;1700;PICNIC_BASKET2;30128.0;43.0;;;;;30134;19;30135.0;24.0;;;30131.0;0.0
4;1700;PICNIC_BASKET1;58346.0;1.0;58345.0;18.0;58344.0;24.0;58355;1;58356.0;18.0;58357.0;24.0;58350.5;0.0
4;1800;DJEMBES;13377.0;66.0;;;;;13378;24;13379.0;42.0;;;13377.5;0.0
4;1800;MAGNIFICENT_MACARONS;766.0;10.0;764.0;15.0;758.0;27.0;774;5;783.0;27.0;789.0;15.0;770.0;0.0
4;1800;VOLCANIC_ROCK_VOUCHER_10500;0.0;17.0;;;;;2;17;;;;;1.0;0.0
4;1800;PICNIC_BASKET2;30131.0;8.0;30129.0;2.0;30128.0;39.0;30134;17;30135.0;24.0;;;30132.5;0.0
4;1800;VOLCANIC_ROCK_VOUCHER_9500;423.0;17.0;;;;;424;17;;;;;423.5;0.0
4;1800;CROISSANTS;4295.0;39.0;4294.0;73.0;;;4296;112;;;;;4295.5;0.0
4;1800;PICNIC_BASKET1;58346.0;8.0;58342.0;2.0;58341.0;39.0;58351;2;58352.0;15.0;58353.0;24.0;58348.5;0.0
4;1800;VOLCANIC_ROCK_VOUCHER_9750;187.0;17.0;;;;;188;17;;;;;187.5;24.6300048828125
4;1800;KELP;2036.0;29.0;;;;;2039;29;;;;;2037.5;0.0
4;1800;SQUID_INK;1940.0;29.0;;;;;1943;29;;;;;1941.5;0.0
4;1800;JAMS;6448.0;73.0;6447.0;151.0;;;6449;224;;;;;6448.5;0.0
4;1800;VOLCANIC_ROCK_VOUCHER_10000;34.0;17.0;;;;;35;17;;;;;34.5;-5.843601226806641
4;1800;RAINFOREST_RESIN;9992.0;33.0;;;;;10008;33;;;;;10000.0;0.0
4;1800;VOLCANIC_ROCK_VOUCHER_10250;3.0;17.0;;;;;4;17;;;;;3.5;1.78399658203125
4;1800;VOLCANIC_ROCK;9922.0;180.0;;;;;9924;134;9925.0;46.0;;;9923.0;0.0
4;1900;VOLCANIC_ROCK_VOUCHER_10250;3.0;16.0;;;;;4;16;;;;;3.5;-3.079010009765625
4;1900;KELP;2036.0;28.0;;;;;2038;2;2039.0;29.0;;;2037.0;0.0
4;1900;SQUID_INK;1941.0;28.0;;;;;1943;2;1944.0;29.0;;;1942.0;0.0
4;1900;VOLCANIC_ROCK_VOUCHER_10500;0.0;16.0;;;;;2;16;;;;;1.0;0.0
4;1900;RAINFOREST_RESIN;9992.0;31.0;;;;;10008;31;;;;;10000.0;0.0
4;1900;VOLCANIC_ROCK;9922.0;181.0;;;;;9924;108;9925.0;73.0;;;9923.0;0.0
4;1900;DJEMBES;13376.0;56.0;;;;;13377;56;;;;;13376.5;0.0
4;1900;JAMS;6447.0;204.0;;;;;6449;204;;;;;6448.0;0.0
4;1900;VOLCANIC_ROCK_VOUCHER_10000;34.0;16.0;;;;;35;16;;;;;34.5;-6.0
4;1900;VOLCANIC_ROCK_VOUCHER_9750;184.0;16.0;;;;;185;16;;;;;184.5;52.073974609375
4;1900;PICNIC_BASKET2;30129.0;16.0;30128.0;20.0;;;30135;36;;;;;30132.0;0.0
4;1900;PICNIC_BASKET1;58338.0;16.0;58337.0;20.0;;;58349;16;58350.0;20.0;;;58343.5;0.0
4;1900;VOLCANIC_ROCK_VOUCHER_9500;424.0;16.0;;;;;425;16;;;;;424.5;0.0
4;1900;CROISSANTS;4295.0;42.0;4294.0;68.0;;;4296;110;;;;;4295.5;0.0
4;1900;MAGNIFICENT_MACARONS;772.0;10.0;768.0;16.0;766.0;16.0;776;8;785.0;29.0;791.0;16.0;774.0;0.0
4;2000;PICNIC_BASKET2;30130.0;13.0;30129.0;15.0;;;30136;28;;;;;30133.0;0.0
4;2000;VOLCANIC_ROCK_VOUCHER_9500;424.0;13.0;;;;;425;13;;;;;424.5;0.0
4;2000;PICNIC_BASKET1;58338.0;13.0;58337.0;15.0;;;58349;13;58350.0;15.0;;;58343.5;0.0
4;2000;RAINFOREST_RESIN;9992.0;35.0;;;;;10008;35;;;;;10000.0;0.0
4;2000;VOLCANIC_ROCK_VOUCHER_9750;184.0;13.0;;;;;185;13;;;;;184.5;45.0
4;2000;MAGNIFICENT_MACARONS;774.0;14.0;772.0;13.0;766.0;24.0;782;7;791.0;24.0;797.0;13.0;778.0;0.0
4;2000;SQUID_INK;1941.0;24.0;;;;;1944;24;;;;;1942.5;0.0
4;2000;CROISSANTS;4295.0;49.0;4294.0;92.0;;;4296;141;;;;;4295.5;0.0
4;2000;JAMS;6448.0;290.0;;;;;6449;8;6450.0;290.0;;;6448.5;0.0
4;2000;VOLCANIC_ROCK_VOUCHER_10000;35.0;13.0;;;;;36;13;;;;;35.5;-6.0
4;2000;VOLCANIC_ROCK_VOUCHER_10250;3.0;13.0;;;;;4;13;;;;;3.5;-2.68798828125
4;2000;VOLCANIC_ROCK;9923.0;112.0;9922.0;46.0;;;9924;112;9925.0;46.0;;;9923.5;0.0
4;2000;DJEMBES;13376.0;15.0;13375.0;42.0;;;13377;57;;;;;13376.5;0.0
4;2000;VOLCANIC_ROCK_VOUCHER_10500;0.0;13.0;;;;;2;13;;;;;1.0;0.0
4;2000;KELP;2036.0;24.0;;;;;2039;24;;;;;2037.5;0.0
4;2100;VOLCANIC_ROCK_VOUCHER_10500;0.0;13.0;;;;;2;13;;;;;1.0;0.0
4;2100;VOLCANIC_ROCK;9925.0;141.0;9924.0;51.0;;;9926;133;9927.0;51.0;;;9925.5;0.0
4;2100;DJEMBES;13376.0;67.0;;;;;13377;67;;;;;13376.5;0.0
4;2100;CROISSANTS;4295.0;52.0;4294.0;58.0;;;4296;110;;;;;4295.5;0.0
4;2100;MAGNIFICENT_MACARONS;774.0;14.0;772.0;11.0;766.0;21.0;783;7;791.0;21.0;797.0;11.0;778.5;0.0
4;2100;JAMS;6448.0;159.0;;;;;6450;159;;;;;6449.0;0.0
4;2100;VOLCANIC_ROCK_VOUCHER_10000;33.0;13.0;;;;;34;13;;;;;33.5;-6.0
4;2100;KELP;2036.0;23.0;;;;;2037;5;2039.0;23.0;;;2036.5;0.0
4;2100;VOLCANIC_ROCK_VOUCHER_9750;186.0;13.0;;;;;187;13;;;;;186.5;45.0
4;2100;PICNIC_BASKET2;30131.0;2.0;30130.0;34.0;;;30136;13;30137.0;23.0;;;30133.5;0.0
4;2100;PICNIC_BASKET1;58343.0;2.0;58342.0;11.0;58341.0;23.0;58352;2;58353.0;11.0;58354.0;23.0;58347.5;0.0
4;2100;RAINFOREST_RESIN;9992.0;34.0;;;;;10008;34;;;;;10000.0;0.0
4;2100;VOLCANIC_ROCK_VOUCHER_9500;426.0;13.0;;;;;427;13;;;;;426.5;0.0
4;2100;VOLCANIC_ROCK_VOUCHER_10250;3.0;13.0;;;;;4;13;;;;;3.5;3.100494384765625
4;2100;SQUID_INK;1943.0;23.0;;;;;1944;5;1946.0;23.0;;;1943.5;0.0
4;2200;KELP;2036.0;24.0;;;;;2039;24;;;;;2037.5;0.0
4;2200;SQUID_INK;1944.0;24.0;;;;;1947;24;;;;;1945.5;0.0
4;2200;JAMS;6449.0;88.0;6448.0;120.0;;;6450;208;;;;;6449.5;0.0
4;2200;VOLCANIC_ROCK_VOUCHER_10000;33.0;20.0;;;;;34;20;;;;;33.5;-6.0
4;2200;RAINFOREST_RESIN;9992.0;34.0;;;;;10008;34;;;;;10000.0;0.0
4;2200;VOLCANIC_ROCK_VOUCHER_10250;3.0;20.0;;;;;4;20;;;;;3.5;6.65350341796875
4;2200;VOLCANIC_ROCK;9927.0;124.0;9926.0;56.0;;;9928;124;9929.0;56.0;;;9927.5;0.0
4;2200;MAGNIFICENT_MACARONS;774.0;20.0;772.0;20.0;766.0;24.0;783;10;791.0;24.0;797.0;20.0;778.5;0.0
4;2200;VOLCANIC_ROCK_VOUCHER_10500;0.0;20.0;;;;;2;20;;;;;1.0;0.0
4;2200;DJEMBES;13376.0;30.0;13375.0;37.0;;;13377;67;;;;;13376.5;0.0
4;2200;PICNIC_BASKET2;30130.0;20.0;30129.0;30.0;;;30136;50;;;;;30133.0;0.0
4;2200;VOLCANIC_ROCK_VOUCHER_9500;428.0;20.0;;;;;429;20;;;;;428.5;0.0
4;2200;CROISSANTS;4295.0;47.0;4294.0;88.0;;;4296;135;;;;;4295.5;0.0
4;2200;PICNIC_BASKET1;58343.0;20.0;58342.0;30.0;;;58354;20;58355.0;30.0;;;58348.5;0.0
4;2200;VOLCANIC_ROCK_VOUCHER_9750;190.0;20.0;;;;;191;20;;;;;190.5;45.0
4;2300;VOLCANIC_ROCK_VOUCHER_9750;188.0;12.0;;;;;189;12;;;;;188.5;45.0
4;2300;PICNIC_BASKET2;30127.0;2.0;30126.0;36.0;;;30132;12;30133.0;26.0;;;30129.5;0.0
4;2300;PICNIC_BASKET1;58340.0;12.0;58339.0;26.0;;;58350;12;58351.0;26.0;;;58345.0;0.0
4;2300;CROISSANTS;4295.0;62.0;4294.0;100.0;;;4296;162;;;;;4295.5;0.0
4;2300;MAGNIFICENT_MACARONS;774.0;18.0;771.0;10.0;765.0;25.0;782;9;790.0;25.0;796.0;10.0;778.0;0.0
4;2300;VOLCANIC_ROCK_VOUCHER_9500;427.0;12.0;;;;;428;12;;;;;427.5;0.0
4;2300;VOLCANIC_ROCK_VOUCHER_10250;3.0;12.0;;;;;4;12;;;;;3.5;4.936492919921875
4;2300;JAMS;6448.0;291.0;;;;;6450;291;;;;;6449.0;0.0
4;2300;KELP;2036.0;27.0;;;;;2038;6;2039.0;27.0;;;2037.0;0.0
4;2300;SQUID_INK;1941.0;27.0;;;;;1943;6;1944.0;27.0;;;1942.0;0.0
4;2300;RAINFOREST_RESIN;9992.0;33.0;;;;;10008;33;;;;;10000.0;0.0
4;2300;VOLCANIC_ROCK;9926.0;114.0;9925.0;65.0;;;9927;114;9928.0;65.0;;;9926.5;0.0
4;2300;VOLCANIC_ROCK_VOUCHER_10500;0.0;12.0;;;;;2;12;;;;;1.0;0.0
4;2300;DJEMBES;13376.0;26.0;13375.0;44.0;;;13377;70;;;;;13376.5;0.0
4;2300;VOLCANIC_ROCK_VOUCHER_10000;41.0;12.0;;;;;42;12;;;;;41.5;-6.0
4;2400;SQUID_INK;1940.0;26.0;;;;;1943;27;;;;;1941.5;0.0
4;2400;VOLCANIC_ROCK_VOUCHER_10000;34.0;18.0;;;;;35;18;;;;;34.5;26.89300537109375
4;2400;CROISSANTS;4295.0;38.0;4294.0;71.0;;;4296;109;;;;;4295.5;0.0
4;2400;VOLCANIC_ROCK_VOUCHER_10250;3.0;18.0;;;;;4;18;;;;;3.5;-3.03399658203125
4;2400;VOLCANIC_ROCK;9925.0;145.0;9924.0;78.0;;;9926;145;9927.0;78.0;;;9925.5;0.0
4;2400;JAMS;6448.0;264.0;;;;;6450;264;;;;;6449.0;0.0
4;2400;VOLCANIC_ROCK_VOUCHER_10500;0.0;18.0;;;;;2;18;;;;;1.0;0.0
4;2400;DJEMBES;13376.0;16.0;13375.0;30.0;;;13377;46;;;;;13376.5;0.0
4;2400;KELP;2036.0;26.0;;;;;2039;27;;;;;2037.5;0.0
4;2400;PICNIC_BASKET2;30125.0;1.0;30124.0;33.0;;;30130;18;30131.0;16.0;;;30127.5;0.0
4;2400;PICNIC_BASKET1;58340.0;1.0;58339.0;17.0;58338.0;16.0;58349;1;58350.0;17.0;58351.0;16.0;58344.5;0.0
4;2400;VOLCANIC_ROCK_VOUCHER_9500;426.0;18.0;;;;;427;18;;;;;426.5;0.0
4;2400;RAINFOREST_RESIN;9992.0;29.0;;;;;10008;29;;;;;10000.0;0.0
4;2400;VOLCANIC_ROCK_VOUCHER_9750;189.0;18.0;;;;;190;18;;;;;189.5;45.0
4;2400;MAGNIFICENT_MACARONS;772.0;12.0;770.0;17.0;764.0;26.0;780;6;789.0;26.0;795.0;17.0;776.0;0.0
4;2500;RAINFOREST_RESIN;9992.0;30.0;;;;;10003;2;10008.0;30.0;;;9997.5;0.0
4;2500;VOLCANIC_ROCK_VOUCHER_9500;424.0;13.0;;;;;425;13;;;;;424.5;0.0
4;2500;CROISSANTS;4295.0;35.0;4294.0;84.0;;;4296;119;;;;;4295.5;0.0
4;2500;VOLCANIC_ROCK_VOUCHER_10250;3.0;13.0;;;;;4;13;;;;;3.5;-7.47998046875
4;2500;SQUID_INK;1941.0;27.0;;;;;1944;27;;;;;1942.5;0.0
4;2500;VOLCANIC_ROCK_VOUCHER_10500;0.0;13.0;;;;;2;13;;;;;1.0;0.0
4;2500;DJEMBES;13376.0;68.0;;;;;13377;68;;;;;13376.5;0.0
4;2500;VOLCANIC_ROCK;9923.0;116.0;9922.0;51.0;;;9925;167;;;;;9924.0;0.0
4;2500;VOLCANIC_ROCK_VOUCHER_10000;34.0;13.0;;;;;35;13;;;;;34.5;24.0
4;2500;MAGNIFICENT_MACARONS;773.0;14.0;771.0;12.0;765.0;26.0;781;7;790.0;26.0;796.0;12.0;777.0;0.0
4;2500;JAMS;6448.0;191.0;;;;;6450;191;;;;;6449.0;0.0
4;2500;KELP;2036.0;27.0;;;;;2039;27;;;;;2037.5;0.0
4;2500;VOLCANIC_ROCK_VOUCHER_9750;188.0;13.0;;;;;189;13;;;;;188.5;45.0
4;2500;PICNIC_BASKET2;30123.0;13.0;30122.0;28.0;;;30128;1;30129.0;40.0;;;30125.5;0.0
4;2500;PICNIC_BASKET1;58342.0;1.0;58341.0;12.0;58340.0;28.0;58351;1;58352.0;12.0;58353.0;28.0;58346.5;0.0
4;2600;MAGNIFICENT_MACARONS;774.0;12.0;772.0;15.0;766.0;28.0;782;6;791.0;28.0;797.0;15.0;778.0;0.0
4;2600;VOLCANIC_ROCK_VOUCHER_10500;0.0;17.0;;;;;2;17;;;;;1.0;0.0
4;2600;DJEMBES;13377.0;53.0;;;;;13378;53;;;;;13377.5;0.0
4;2600;PICNIC_BASKET2;30121.0;17.0;30120.0;20.0;;;30126;2;30127.0;35.0;;;30123.5;0.0
4;2600;PICNIC_BASKET1;58343.0;2.0;58342.0;15.0;58341.0;20.0;58352;2;58353.0;35.0;;;58347.5;0.0
4;2600;VOLCANIC_ROCK_VOUCHER_9500;424.0;17.0;;;;;425;17;;;;;424.5;0.0
4;2600;VOLCANIC_ROCK_VOUCHER_9750;187.0;17.0;;;;;188;17;;;;;187.5;48.64447021484375
4;2600;CROISSANTS;4295.0;63.0;4294.0;86.0;;;4296;149;;;;;4295.5;0.0
4;2600;JAMS;6448.0;216.0;;;;;6450;216;;;;;6449.0;0.0
4;2600;KELP;2036.0;30.0;;;;;2039;30;;;;;2037.5;0.0
4;2600;SQUID_INK;1940.0;30.0;;;;;1943;30;;;;;1941.5;0.0
4;2600;VOLCANIC_ROCK_VOUCHER_10000;35.0;17.0;;;;;36;17;;;;;35.5;24.0
4;2600;RAINFOREST_RESIN;9992.0;28.0;;;;;10008;28;;;;;10000.0;0.0
4;2600;VOLCANIC_ROCK_VOUCHER_10250;3.0;17.0;;;;;4;17;;;;;3.5;-13.233001708984377
4;2600;VOLCANIC_ROCK;9922.0;166.0;;;;;9924;121;9925.0;45.0;;;9923.0;0.0
4;2700;CROISSANTS;4295.0;55.0;4294.0;61.0;;;4296;116;;;;;4295.5;0.0
4;2700;JAMS;6448.0;202.0;;;;;6450;202;;;;;6449.0;0.0
4;2700;VOLCANIC_ROCK_VOUCHER_10250;3.0;17.0;;;;;4;17;;;;;3.5;-13.660491943359377
4;2700;KELP;2038.0;8.0;2036.0;24.0;;;2039;24;;;;;2038.5;0.0
4;2700;SQUID_INK;1942.0;8.0;1940.0;24.0;;;1943;24;;;;;1942.5;0.0
4;2700;VOLCANIC_ROCK_VOUCHER_10500;0.0;17.0;;;;;2;17;;;;;1.0;0.0
4;2700;RAINFOREST_RESIN;9997.0;3.0;9992.0;25.0;;;10008;25;;;;;10002.5;0.0
4;2700;DJEMBES;13377.0;63.0;;;;;13378;30;13379.0;33.0;;;13377.5;0.0
4;2700;VOLCANIC_ROCK;9922.0;117.0;9921.0;58.0;;;9923;117;9924.0;58.0;;;9922.5;0.0
4;2700;VOLCANIC_ROCK_VOUCHER_10000;34.0;17.0;;;;;35;17;;;;;34.5;24.0
4;2700;VOLCANIC_ROCK_VOUCHER_9750;186.0;17.0;;;;;187;17;;;;;186.5;54.89501953125
4;2700;PICNIC_BASKET2;30119.0;47.0;;;;;30125;17;30126.0;30.0;;;30122.0;0.0
4;2700;PICNIC_BASKET1;58340.0;17.0;58339.0;30.0;;;58351;17;58352.0;30.0;;;58345.5;0.0
4;2700;MAGNIFICENT_MACARONS;774.0;18.0;772.0;17.0;766.0;24.0;783;9;791.0;24.0;797.0;17.0;778.5;0.0
4;2700;VOLCANIC_ROCK_VOUCHER_9500;423.0;17.0;;;;;424;17;;;;;423.5;0.0
4;2800;PICNIC_BASKET2;30123.0;11.0;30122.0;19.0;;;30125;4;30129.0;30.0;;;30124.0;0.0
4;2800;PICNIC_BASKET1;58345.0;11.0;58344.0;19.0;;;58350;4;58356.0;11.0;58357.0;19.0;58347.5;0.0
4;2800;VOLCANIC_ROCK_VOUCHER_9500;423.0;11.0;;;;;424;11;;;;;423.5;0.0
4;2800;RAINFOREST_RESIN;9997.0;3.0;9992.0;31.0;;;10008;31;;;;;10002.5;0.0
4;2800;VOLCANIC_ROCK_VOUCHER_9750;185.0;11.0;;;;;186;11;;;;;185.5;57.219970703125
4;2800;MAGNIFICENT_MACARONS;771.0;16.0;769.0;11.0;763.0;21.0;779;8;788.0;21.0;794.0;11.0;775.0;0.0
4;2800;CROISSANTS;4295.0;104.0;;;;;4296;104;;;;;4295.5;0.0
4;2800;VOLCANIC_ROCK_VOUCHER_10000;31.0;11.0;;;;;32;11;;;;;31.5;24.0
4;2800;SQUID_INK;1943.0;21.0;;;;;1946;21;;;;;1944.5;0.0
4;2800;VOLCANIC_ROCK_VOUCHER_10250;3.0;11.0;;;;;4;11;;;;;3.5;-14.230499267578123
4;2800;VOLCANIC_ROCK;9922.0;129.0;9921.0;59.0;;;9923;129;9924.0;59.0;;;9922.5;0.0
4;2800;KELP;2036.0;21.0;;;;;2039;21;;;;;2037.5;0.0
4;2800;JAMS;6448.0;212.0;;;;;6450;201;;;;;6449.0;0.0
4;2800;VOLCANIC_ROCK_VOUCHER_10500;0.0;11.0;;;;;2;11;;;;;1.0;0.0
4;2800;DJEMBES;13377.0;60.0;;;;;13378;60;;;;;13377.5;0.0
4;2900;VOLCANIC_ROCK_VOUCHER_10500;0.0;20.0;;;;;1;11;2.0;20.0;;;0.5;0.0
4;2900;DJEMBES;13377.0;61.0;;;;;13378;61;;;;;13377.5;0.0
4;2900;VOLCANIC_ROCK;9922.0;108.0;9921.0;56.0;;;9924;164;;;;;9923.0;0.0
4;2900;MAGNIFICENT_MACARONS;778.0;14.0;776.0;18.0;770.0;24.0;786;7;795.0;24.0;801.0;18.0;782.0;0.0
4;2900;VOLCANIC_ROCK_VOUCHER_10000;33.0;9.0;;;;;34;20;;;;;33.5;24.0
4;2900;KELP;2036.0;26.0;;;;;2039;26;;;;;2037.5;0.0
4;2900;JAMS;6449.0;87.0;6448.0;160.0;;;6450;87;6451.0;160.0;;;6449.5;0.0
4;2900;VOLCANIC_ROCK_VOUCHER_9750;187.0;9.0;;;;;188;20;;;;;187.5;46.0849609375
4;2900;PICNIC_BASKET2;30124.0;8.0;30122.0;2.0;30121.0;47.0;30127;2;30128.0;47.0;;;30125.5;0.0
4;2900;PICNIC_BASKET1;58348.0;8.0;58344.0;2.0;58343.0;18.0;58353;2;58354.0;18.0;58355.0;29.0;58350.5;0.0
4;2900;RAINFOREST_RESIN;9997.0;2.0;9992.0;33.0;;;10008;33;;;;;10002.5;0.0
4;2900;VOLCANIC_ROCK_VOUCHER_9500;424.0;9.0;;;;;425;20;;;;;424.5;0.0
4;2900;CROISSANTS;4295.0;135.0;;;;;4296;135;;;;;4295.5;0.0
4;2900;VOLCANIC_ROCK_VOUCHER_10250;3.0;9.0;;;;;4;20;;;;;3.5;-13.413482666015623
4;2900;SQUID_INK;1946.0;2.0;1945.0;24.0;;;1949;26;;;;;1947.5;0.0
4;3000;CROISSANTS;4295.0;110.0;;;;;4296;110;;;;;4295.5;0.0
4;3000;KELP;2038.0;1.0;2036.0;22.0;;;2039;22;;;;;2038.5;0.0
4;3000;JAMS;6449.0;255.0;;;;;6451;255;;;;;6450.0;0.0
4;3000;VOLCANIC_ROCK_VOUCHER_10000;33.0;17.0;;;;;34;17;;;;;33.5;24.0
4;3000;SQUID_INK;1948.0;1.0;1946.0;22.0;;;1949;22;;;;;1948.5;0.0
4;3000;RAINFOREST_RESIN;9992.0;26.0;;;;;10008;26;;;;;10000.0;0.0
4;3000;VOLCANIC_ROCK_VOUCHER_10250;3.0;17.0;;;;;4;17;;;;;3.5;-13.194000244140623
4;3000;VOLCANIC_ROCK;9922.0;200.0;;;;;9924;126;9925.0;74.0;;;9923.0;0.0
4;3000;MAGNIFICENT_MACARONS;778.0;18.0;776.0;16.0;770.0;21.0;786;9;795.0;21.0;801.0;16.0;782.0;0.0
4;3000;VOLCANIC_ROCK_VOUCHER_10500;0.0;17.0;;;;;2;17;;;;;1.0;0.0
4;3000;DJEMBES;13377.0;66.0;;;;;13378;66;;;;;13377.5;0.0
4;3000;PICNIC_BASKET2;30124.0;1.0;30123.0;42.0;;;30129;1;30130.0;42.0;;;30126.5;0.0
4;3000;PICNIC_BASKET1;58346.0;17.0;58345.0;26.0;;;58356;17;58357.0;26.0;;;58351.0;0.0
4;3000;VOLCANIC_ROCK_VOUCHER_9500;424.0;17.0;;;;;425;17;;;;;424.5;0.0
4;3000;VOLCANIC_ROCK_VOUCHER_9750;186.0;17.0;;;;;187;17;;;;;186.5;50.218505859375
4;3100;VOLCANIC_ROCK_VOUCHER_9750;183.0;12.0;;;;;184;12;;;;;183.5;67.550537109375
4;3100;PICNIC_BASKET2;30122.0;12.0;30121.0;28.0;;;30127;2;30128.0;38.0;;;30124.5;0.0
4;3100;PICNIC_BASKET1;58345.0;2.0;58344.0;10.0;58343.0;28.0;58354;2;58355.0;10.0;58356.0;28.0;58349.5;0.0
4;3100;MAGNIFICENT_MACARONS;781.0;12.0;778.0;10.0;772.0;28.0;789;6;797.0;28.0;803.0;10.0;785.0;0.0
4;3100;VOLCANIC_ROCK_VOUCHER_9500;420.0;12.0;;;;;421;12;;;;;420.5;0.0
4;3100;CROISSANTS;4294.0;145.0;;;;;4296;145;;;;;4295.0;0.0
4;3100;KELP;2036.0;29.0;;;;;2038;3;2039.0;30.0;;;2037.0;0.0
4;3100;JAMS;6449.0;285.0;;;;;6451;285;;;;;6450.0;0.0
4;3100;VOLCANIC_ROCK_VOUCHER_10250;2.0;12.0;;;;;3;12;;;;;2.5;-19.919189453125
4;3100;SQUID_INK;1945.0;29.0;;;;;1947;3;1948.0;30.0;;;1946.0;0.0
4;3100;VOLCANIC_ROCK_VOUCHER_10500;0.0;12.0;;;;;2;12;;;;;1.0;0.0
4;3100;RAINFOREST_RESIN;9992.0;33.0;;;;;10008;33;;;;;10000.0;0.0
4;3100;DJEMBES;13376.0;61.0;;;;;13377;61;;;;;13376.5;0.0
4;3100;VOLCANIC_ROCK;9919.0;136.0;9918.0;71.0;;;9920;136;9921.0;71.0;;;9919.5;0.0
4;3100;VOLCANIC_ROCK_VOUCHER_10000;31.0;12.0;;;;;32;12;;;;;31.5;24.0
4;3200;VOLCANIC_ROCK_VOUCHER_10000;34.0;12.0;;;;;35;12;;;;;34.5;24.0
4;3200;SQUID_INK;1944.0;28.0;;;;;1947;28;;;;;1945.5;0.0
4;3200;VOLCANIC_ROCK_VOUCHER_10250;2.0;12.0;;;;;3;12;;;;;2.5;-22.3345947265625
4;3200;VOLCANIC_ROCK;9918.0;113.0;9917.0;40.0;;;9920;153;;;;;9919.0;0.0
4;3200;KELP;2036.0;28.0;;;;;2039;28;;;;;2037.5;0.0
4;3200;JAMS;6449.0;173.0;;;;;6451;173;;;;;6450.0;0.0
4;3200;VOLCANIC_ROCK_VOUCHER_10500;0.0;12.0;;;;;2;12;;;;;1.0;0.0
4;3200;DJEMBES;13376.0;59.0;;;;;13377;59;;;;;13376.5;0.0
4;3200;PICNIC_BASKET2;30122.0;1.0;30121.0;33.0;;;30127;1;30128.0;33.0;;;30124.5;0.0
4;3200;PICNIC_BASKET1;58339.0;1.0;58338.0;11.0;58337.0;22.0;58348;1;58349.0;11.0;58350.0;22.0;58343.5;0.0
4;3200;VOLCANIC_ROCK_VOUCHER_9500;420.0;12.0;;;;;421;12;;;;;420.5;0.0
4;3200;RAINFOREST_RESIN;9992.0;34.0;;;;;10008;34;;;;;10000.0;0.0
4;3200;VOLCANIC_ROCK_VOUCHER_9750;184.0;12.0;;;;;185;12;;;;;184.5;59.0589599609375
4;3200;MAGNIFICENT_MACARONS;778.0;14.0;776.0;11.0;770.0;27.0;786;7;795.0;27.0;801.0;11.0;782.0;0.0
4;3200;CROISSANTS;4294.0;89.0;;;;;4296;89;;;;;4295.0;0.0
4;3300;RAINFOREST_RESIN;9992.0;30.0;;;;;10008;30;;;;;10000.0;0.0
4;3300;VOLCANIC_ROCK_VOUCHER_9500;420.0;20.0;;;;;421;20;;;;;420.5;0.0
4;3300;CROISSANTS;4295.0;42.0;4294.0;61.0;;;4296;103;;;;;4295.5;0.0
4;3300;VOLCANIC_ROCK_VOUCHER_10250;2.0;20.0;;;;;3;20;;;;;2.5;-23.27520751953125
4;3300;SQUID_INK;1943.0;22.0;;;;;1947;22;;;;;1945.0;0.0
4;3300;DJEMBES;13376.0;56.0;;;;;13377;22;13378.0;34.0;;;13376.5;0.0
4;3300;VOLCANIC_ROCK_VOUCHER_10500;0.0;20.0;;;;;2;20;;;;;1.0;0.0
4;3300;VOLCANIC_ROCK;9918.0;184.0;;;;;9920;144;9921.0;40.0;;;9919.0;0.0
4;3300;MAGNIFICENT_MACARONS;778.0;14.0;776.0;19.0;770.0;21.0;786;7;795.0;21.0;801.0;19.0;782.0;0.0
4;3300;VOLCANIC_ROCK_VOUCHER_10000;35.0;20.0;;;;;36;20;;;;;35.5;24.0
4;3300;KELP;2036.0;22.0;;;;;2039;22;;;;;2037.5;0.0
4;3300;JAMS;6450.0;65.0;6449.0;197.0;;;6451;258;;;;;6450.5;0.0
4;3300;VOLCANIC_ROCK_VOUCHER_9750;184.0;20.0;;;;;185;20;;;;;184.5;57.794921875
4;3300;PICNIC_BASKET2;30127.0;2.0;30122.0;20.0;30121.0;22.0;30128;41;;;;;30127.5;0.0
4;3300;PICNIC_BASKET1;58340.0;3.0;58332.0;1.0;58331.0;19.0;58341;1;58342.0;19.0;58343.0;22.0;58340.5;0.0
4;3400;MAGNIFICENT_MACARONS;781.0;16.0;778.0;13.0;772.0;30.0;789;8;797.0;30.0;803.0;13.0;785.0;0.0
4;3400;DJEMBES;13376.0;66.0;;;;;13378;66;;;;;13377.0;0.0
4;3400;VOLCANIC_ROCK_VOUCHER_9500;417.0;14.0;;;;;418;14;;;;;417.5;0.0
4;3400;VOLCANIC_ROCK_VOUCHER_10500;0.0;14.0;;;;;2;14;;;;;1.0;0.0
4;3400;VOLCANIC_ROCK_VOUCHER_9750;182.0;14.0;;;;;183;14;;;;;182.5;78.1610107421875
4;3400;PICNIC_BASKET1;58333.0;1.0;58332.0;13.0;58331.0;18.0;58342;1;58343.0;13.0;58344.0;18.0;58337.5;0.0
4;3400;PICNIC_BASKET2;30122.0;32.0;;;;;30128;14;30129.0;18.0;;;30125.0;0.0
4;3400;CROISSANTS;4295.0;59.0;4294.0;53.0;;;4296;112;;;;;4295.5;0.0
4;3400;KELP;2036.0;31.0;;;;;2039;31;;;;;2037.5;0.0
4;3400;JAMS;6450.0;9.0;6449.0;209.0;;;6451;209;;;;;6450.5;0.0
4;3400;VOLCANIC_ROCK_VOUCHER_10000;34.0;14.0;;;;;35;14;;;;;34.5;24.0
4;3400;SQUID_INK;1941.0;31.0;;;;;1944;31;;;;;1942.5;0.0
4;3400;RAINFOREST_RESIN;9992.0;31.0;;;;;10003;6;10008.0;31.0;;;9997.5;0.0
4;3400;VOLCANIC_ROCK_VOUCHER_10250;2.0;14.0;;;;;3;14;;;;;2.5;-29.73590087890625
4;3400;VOLCANIC_ROCK;9916.0;108.0;9915.0;45.0;;;9918;153;;;;;9917.0;0.0
4;3500;CROISSANTS;4295.0;109.0;;;;;4296;109;;;;;4295.5;0.0
4;3500;KELP;2036.0;31.0;;;;;2039;31;;;;;2037.5;0.0
4;3500;JAMS;6450.0;69.0;6449.0;170.0;;;6451;236;;;;;6450.5;0.0
4;3500;VOLCANIC_ROCK_VOUCHER_10000;33.0;12.0;;;;;34;12;;;;;33.5;24.0
4;3500;VOLCANIC_ROCK_VOUCHER_10500;0.0;12.0;;;;;2;12;;;;;1.0;0.0
4;3500;SQUID_INK;1944.0;31.0;;;;;1947;31;;;;;1945.5;0.0
4;3500;DJEMBES;13376.0;50.0;;;;;13377;50;;;;;13376.5;0.0
4;3500;VOLCANIC_ROCK;9919.0;133.0;9918.0;49.0;;;9920;133;9921.0;49.0;;;9919.5;0.0
4;3500;RAINFOREST_RESIN;9992.0;28.0;;;;;10008;28;;;;;10000.0;0.0
4;3500;VOLCANIC_ROCK_VOUCHER_10250;2.0;12.0;;;;;3;12;;;;;2.5;-23.47998046875
4;3500;VOLCANIC_ROCK_VOUCHER_9750;184.0;12.0;;;;;185;12;;;;;184.5;46.282958984375
4;3500;PICNIC_BASKET1;58333.0;3.0;58329.0;2.0;58328.0;10.0;58338;2;58339.0;29.0;;;58335.5;0.0
4;3500;PICNIC_BASKET2;30127.0;3.0;30125.0;12.0;30124.0;19.0;30131;12;30132.0;19.0;;;30129.0;0.0
4;3500;VOLCANIC_ROCK_VOUCHER_9500;420.0;12.0;;;;;421;12;;;;;420.5;0.0
4;3500;MAGNIFICENT_MACARONS;782.0;10.0;780.0;10.0;774.0;29.0;790;5;799.0;29.0;805.0;10.0;786.0;0.0
4;3600;VOLCANIC_ROCK_VOUCHER_9500;423.0;15.0;;;;;424;15;;;;;423.5;0.0
4;3600;RAINFOREST_RESIN;10001.0;1.0;9992.0;27.0;;;10008;27;;;;;10004.5;0.0
4;3600;VOLCANIC_ROCK_VOUCHER_9750;185.0;15.0;;;;;186;15;;;;;185.5;24.56591796875
4;3600;PICNIC_BASKET1;58327.0;1.0;58326.0;14.0;58325.0;30.0;58336;1;58337.0;14.0;58338.0;30.0;58331.5;0.0
4;3600;PICNIC_BASKET2;30129.0;15.0;30128.0;30.0;;;30135;45;;;;;30132.0;0.0
4;3600;MAGNIFICENT_MACARONS;781.0;16.0;779.0;14.0;773.0;30.0;789;8;798.0;30.0;804.0;14.0;785.0;0.0
4;3600;CROISSANTS;4295.0;126.0;;;;;4296;126;;;;;4295.5;0.0
4;3600;VOLCANIC_ROCK_VOUCHER_10500;0.0;15.0;;;;;2;15;;;;;1.0;0.0
4;3600;SQUID_INK;1945.0;31.0;;;;;1948;31;;;;;1946.5;0.0
4;3600;VOLCANIC_ROCK;9922.0;116.0;9921.0;64.0;;;9923;116;9924.0;64.0;;;9922.5;0.0
4;3600;VOLCANIC_ROCK_VOUCHER_10250;3.0;15.0;;;;;4;15;;;;;3.5;-13.63470458984375
4;3600;DJEMBES;13375.0;77.0;;;;;13377;77;;;;;13376.0;0.0
4;3600;KELP;2036.0;31.0;;;;;2040;31;;;;;2038.0;0.0
4;3600;JAMS;6450.0;62.0;6449.0;111.0;;;6451;62;6452.0;111.0;;;6450.5;0.0
4;3600;VOLCANIC_ROCK_VOUCHER_10000;35.0;15.0;;;;;36;15;;;;;35.5;24.0
4;3700;DJEMBES;13374.0;58.0;;;;;13376;58;;;;;13375.0;0.0
4;3700;VOLCANIC_ROCK;9924.0;138.0;9923.0;55.0;;;9925;138;9926.0;55.0;;;9924.5;0.0
4;3700;MAGNIFICENT_MACARONS;781.0;12.0;779.0;16.0;773.0;23.0;790;6;798.0;23.0;804.0;16.0;785.5;0.0
4;3700;KELP;2037.0;2.0;2036.0;23.0;;;2040;23;;;;;2038.5;0.0
4;3700;VOLCANIC_ROCK_VOUCHER_9750;188.0;16.0;;;;;189;16;;;;;188.5;-31.657958984375
4;3700;PICNIC_BASKET1;58322.0;16.0;58321.0;17.0;;;58332;16;58333.0;17.0;;;58327.0;0.0
4;3700;JAMS;6449.0;270.0;;;;;6451;270;;;;;6450.0;0.0
4;3700;VOLCANIC_ROCK_VOUCHER_10000;34.0;16.0;;;;;35;16;;;;;34.5;24.0
4;3700;PICNIC_BASKET2;30128.0;16.0;30127.0;17.0;;;30134;33;;;;;30131.0;0.0
4;3700;VOLCANIC_ROCK_VOUCHER_10500;0.0;16.0;;;;;2;16;;;;;1.0;0.0
4;3700;VOLCANIC_ROCK_VOUCHER_9500;425.0;16.0;;;;;426;16;;;;;425.5;0.0
4;3700;RAINFOREST_RESIN;10003.0;8.0;9992.0;32.0;;;10008;32;;;;;10005.5;0.0
4;3700;VOLCANIC_ROCK_VOUCHER_10250;3.0;16.0;;;;;4;16;;;;;3.5;-8.561981201171875
4;3700;CROISSANTS;4295.0;138.0;;;;;4296;39;4297.0;99.0;;;4295.5;0.0
4;3700;SQUID_INK;1945.0;2.0;1944.0;23.0;;;1947;23;;;;;1946.0;0.0
4;3800;VOLCANIC_ROCK_VOUCHER_10250;3.0;0.0;;;;;4;18;;;;;3.5;-7.65179443359375
4;3800;KELP;2036.0;25.0;;;;;2039;1;2040.0;24.0;;;2037.5;0.0
4;3800;CROISSANTS;4295.0;158.0;;;;;4296;60;4297.0;98.0;;;4295.5;0.0
4;3800;JAMS;6449.0;98.0;6448.0;110.0;;;6450;98;6451.0;110.0;;;6449.5;0.0
4;3800;VOLCANIC_ROCK_VOUCHER_10000;35.0;0.0;;;;;36;18;;;;;35.5;24.0
4;3800;RAINFOREST_RESIN;9992.0;31.0;;;;;10008;31;;;;;10000.0;0.0
4;3800;SQUID_INK;1945.0;25.0;;;;;1948;25;;;;;1946.5;0.0
4;3800;VOLCANIC_ROCK;9924.0;8.0;9923.0;187.0;;;9925;134;9926.0;53.0;;;9924.5;0.0
4;3800;MAGNIFICENT_MACARONS;781.0;20.0;778.0;17.0;772.0;24.0;789;10;797.0;24.0;803.0;17.0;785.0;0.0
4;3800;DJEMBES;13374.0;52.0;;;;;13375;52;;;;;13374.5;0.0
4;3800;VOLCANIC_ROCK_VOUCHER_9500;425.0;0.0;;;;;426;18;;;;;425.5;0.0
4;3800;VOLCANIC_ROCK_VOUCHER_10500;0.0;18.0;;;;;1;18;2.0;18.0;;;0.5;0.0
4;3800;VOLCANIC_ROCK_VOUCHER_9750;185.0;0.0;;;;;186;18;;;;;185.5;21.10400390625
4;3800;PICNIC_BASKET1;58322.0;18.0;58321.0;22.0;;;58332;18;58333.0;22.0;;;58327.0;0.0
4;3800;PICNIC_BASKET2;30124.0;1.0;30123.0;39.0;;;30129;18;30130.0;22.0;;;30126.5;0.0
4;3900;VOLCANIC_ROCK_VOUCHER_9750;188.0;11.0;;;;;189;11;;;;;188.5;4.576202392578125
4;3900;PICNIC_BASKET1;58321.0;1.0;58320.0;33.0;;;58330;1;58331.0;10.0;58332.0;23.0;58325.5;0.0
4;3900;PICNIC_BASKET2;30125.0;1.0;30124.0;33.0;;;30130;11;30131.0;23.0;;;30127.5;0.0
4;3900;MAGNIFICENT_MACARONS;775.0;18.0;773.0;10.0;767.0;23.0;783;9;792.0;23.0;798.0;10.0;779.0;0.0
4;3900;VOLCANIC_ROCK_VOUCHER_9500;426.0;11.0;;;;;427;11;;;;;426.5;0.0
4;3900;SQUID_INK;1946.0;22.0;;;;;1949;24;;;;;1947.5;0.0
4;3900;KELP;2036.0;24.0;;;;;2037;2;2039.0;24.0;;;2036.5;0.0
4;3900;CROISSANTS;4295.0;150.0;;;;;4296;150;;;;;4295.5;0.0
4;3900;JAMS;6449.0;247.0;;;;;6451;257;;;;;6450.0;0.0
4;3900;VOLCANIC_ROCK_VOUCHER_10000;34.0;11.0;;;;;35;11;;;;;34.5;24.0
4;3900;VOLCANIC_ROCK_VOUCHER_10500;0.0;11.0;;;;;2;11;;;;;1.0;0.0
4;3900;DJEMBES;13372.0;54.0;;;;;13374;54;;;;;13373.0;0.0
4;3900;VOLCANIC_ROCK;9925.0;133.0;9924.0;74.0;;;9927;207;;;;;9926.0;0.0
4;3900;RAINFOREST_RESIN;9992.0;28.0;;;;;10008;28;;;;;10000.0;0.0
4;3900;VOLCANIC_ROCK_VOUCHER_10250;3.0;11.0;;;;;4;11;;;;;3.5;-4.388397216796875
4;4000;VOLCANIC_ROCK_VOUCHER_10500;0.0;19.0;;;;;2;19;;;;;1.0;0.0
4;4000;SQUID_INK;1945.0;23.0;;;;;1948;23;;;;;1946.5;0.0
4;4000;VOLCANIC_ROCK;9925.0;117.0;9924.0;66.0;;;9926;117;9927.0;66.0;;;9925.5;0.0
4;4000;VOLCANIC_ROCK_VOUCHER_10250;3.0;19.0;;;;;4;19;;;;;3.5;-9.095977783203123
4;4000;DJEMBES;13373.0;24.0;13372.0;35.0;;;13374;59;;;;;13373.5;0.0
4;4000;JAMS;6449.0;74.0;6448.0;104.0;;;6450;74;6451.0;104.0;;;6449.5;0.0
4;4000;VOLCANIC_ROCK_VOUCHER_10000;36.0;19.0;;;;;37;19;;;;;36.5;24.0
4;4000;KELP;2036.0;23.0;;;;;2039;23;;;;;2037.5;0.0
4;4000;VOLCANIC_ROCK_VOUCHER_9500;426.0;19.0;;;;;427;19;;;;;426.5;0.0
4;4000;RAINFOREST_RESIN;9992.0;28.0;;;;;10003;8;10008.0;28.0;;;9997.5;0.0
4;4000;VOLCANIC_ROCK_VOUCHER_9750;187.0;19.0;;;;;188;19;;;;;187.5;6.958404541015625
4;4000;PICNIC_BASKET1;58327.0;19.0;58326.0;24.0;;;58338;43;;;;;58332.5;0.0
4;4000;PICNIC_BASKET2;30126.0;43.0;;;;;30132;19;30133.0;24.0;;;30129.0;0.0
4;4000;CROISSANTS;4295.0;137.0;;;;;4297;137;;;;;4296.0;0.0
4;4000;MAGNIFICENT_MACARONS;777.0;10.0;774.0;19.0;768.0;23.0;785;5;793.0;23.0;799.0;19.0;781.0;0.0
4;4100;VOLCANIC_ROCK_VOUCHER_9500;;;;;;;428;3;429.0;19.0;;;428.0;0.0
4;4100;RAINFOREST_RESIN;9992.0;35.0;;;;;10008;35;;;;;10000.0;0.0
4;4100;VOLCANIC_ROCK_VOUCHER_10250;;;;;;;3;3;4.0;19.0;;;3.0;-8.471405029296875
4;4100;SQUID_INK;1944.0;34.0;;;;;1945;5;1947.0;31.0;;;1944.5;0.0
4;4100;CROISSANTS;4295.0;160.0;;;;;4297;160;;;;;4296.0;0.0
4;4100;DJEMBES;13373.0;64.0;;;;;13374;64;;;;;13373.5;0.0
4;4100;MAGNIFICENT_MACARONS;774.0;10.0;771.0;17.0;765.0;29.0;782;5;790.0;29.0;796.0;17.0;778.0;0.0
4;4100;VOLCANIC_ROCK;9927.0;137.0;9926.0;67.0;;;9928;137;9929.0;67.0;;;9927.5;0.0
4;4100;VOLCANIC_ROCK_VOUCHER_9750;;;;;;;191;3;192.0;19.0;;;191.0;-1.199798583984375
4;4100;PICNIC_BASKET1;58325.0;41.0;;;;;58326;3;58335.0;2.0;58336.0;17.0;58325.5;0.0
4;4100;JAMS;6449.0;233.0;;;;;6451;233;;;;;6450.0;0.0
4;4100;VOLCANIC_ROCK_VOUCHER_10000;;;;;;;36;3;37.0;19.0;;;36.0;24.0
4;4100;PICNIC_BASKET2;30125.0;38.0;;;;;30131;19;30132.0;24.0;;;30128.0;0.0
4;4100;KELP;2036.0;29.0;;;;;2039;31;;;;;2037.5;0.0
4;4100;VOLCANIC_ROCK_VOUCHER_10500;0.0;14.0;;;;;1;17;2.0;19.0;;;0.5;0.0
4;4200;DJEMBES;13373.0;28.0;13372.0;31.0;;;13374;59;;;;;13373.5;0.0
4;4200;MAGNIFICENT_MACARONS;776.0;8.0;772.0;20.0;770.0;14.0;780;10;789.0;30.0;795.0;14.0;778.0;0.0
4;4200;VOLCANIC_ROCK_VOUCHER_9500;426.0;14.0;;;;;427;14;;;;;426.5;-4.968017578125
4;4200;VOLCANIC_ROCK_VOUCHER_10500;0.0;14.0;;;;;2;14;;;;;1.0;-5.0
4;4200;VOLCANIC_ROCK_VOUCHER_9750;188.0;14.0;;;;;189;14;;;;;188.5;4.251800537109375
4;4200;PICNIC_BASKET1;58330.0;14.0;58329.0;28.0;;;58341;14;58342.0;28.0;;;58335.5;0.0
4;4200;PICNIC_BASKET2;30124.0;42.0;;;;;30130;14;30131.0;28.0;;;30127.0;0.0
4;4200;VOLCANIC_ROCK_VOUCHER_10250;3.0;14.0;;;;;4;14;;;;;3.5;-12.972015380859377
4;4200;CROISSANTS;4295.0;121.0;;;;;4296;36;4297.0;85.0;;;4295.5;0.0
4;4200;JAMS;6449.0;254.0;;;;;6451;254;;;;;6450.0;0.0
4;4200;VOLCANIC_ROCK_VOUCHER_10000;33.0;14.0;;;;;34;14;;;;;33.5;24.0
4;4200;KELP;2036.0;30.0;;;;;2039;30;;;;;2037.5;0.0
4;4200;RAINFOREST_RESIN;9992.0;31.0;;;;;10008;31;;;;;10000.0;0.0
4;4200;SQUID_INK;1945.0;30.0;;;;;1949;30;;;;;1947.0;0.0
4;4200;VOLCANIC_ROCK;9925.0;138.0;9924.0;72.0;;;9926;138;9927.0;72.0;;;9925.5;0.0
4;4300;SQUID_INK;1945.0;24.0;;;;;1948;24;;;;;1946.5;0.0
4;4300;CROISSANTS;4295.0;103.0;;;;;4297;103;;;;;4296.0;0.0
4;4300;JAMS;6449.0;201.0;;;;;6451;201;;;;;6450.0;0.0
4;4300;VOLCANIC_ROCK_VOUCHER_10000;36.0;18.0;;;;;37;18;;;;;36.5;24.0
4;4300;KELP;2035.0;24.0;;;;;2039;24;;;;;2037.0;0.0
4;4300;VOLCANIC_ROCK_VOUCHER_10500;0.0;18.0;;;;;2;18;;;;;1.0;-5.0
4;4300;DJEMBES;13372.0;68.0;;;;;13373;68;;;;;13372.5;0.0
4;4300;VOLCANIC_ROCK;9924.0;203.0;;;;;9926;125;9927.0;78.0;;;9925.0;0.0
4;4300;RAINFOREST_RESIN;9992.0;27.0;;;;;10008;27;;;;;10000.0;0.0
4;4300;VOLCANIC_ROCK_VOUCHER_10250;3.0;18.0;;;;;4;18;;;;;3.5;-16.134002685546875
4;4300;VOLCANIC_ROCK_VOUCHER_9750;187.0;18.0;;;;;188;18;;;;;187.5;7.099395751953125
4;4300;PICNIC_BASKET1;58331.0;18.0;58330.0;25.0;;;58342;43;;;;;58336.5;0.0
4;4300;PICNIC_BASKET2;30126.0;43.0;;;;;30132;18;30133.0;25.0;;;30129.0;0.0
4;4300;MAGNIFICENT_MACARONS;772.0;12.0;770.0;18.0;764.0;24.0;780;6;789.0;24.0;795.0;18.0;776.0;0.0
4;4300;VOLCANIC_ROCK_VOUCHER_9500;426.0;18.0;;;;;427;18;;;;;426.5;-6.0
4;4400;VOLCANIC_ROCK_VOUCHER_9500;426.0;14.0;;;;;427;14;;;;;426.5;-6.0
4;4400;RAINFOREST_RESIN;10000.0;2.0;9992.0;26.0;;;10008;26;;;;;10004.0;0.0
4;4400;VOLCANIC_ROCK_VOUCHER_9750;188.0;14.0;;;;;189;14;;;;;188.5;6.0
4;4400;PICNIC_BASKET1;58334.0;44.0;;;;;58345;14;58346.0;30.0;;;58339.5;0.0
4;4400;PICNIC_BASKET2;30130.0;44.0;;;;;30136;14;30137.0;30.0;;;30133.0;0.0
4;4400;CROISSANTS;4296.0;149.0;;;;;4297;149;;;;;4296.5;0.0
4;4400;MAGNIFICENT_MACARONS;776.0;2.0;771.0;18.0;769.0;14.0;779;9;788.0;20.0;794.0;14.0;777.5;0.0
4;4400;VOLCANIC_ROCK_VOUCHER_10500;0.0;14.0;;;;;2;14;;;;;1.0;-5.0
4;4400;SQUID_INK;1944.0;20.0;;;;;1947;20;;;;;1945.5;0.0
4;4400;VOLCANIC_ROCK;9925.0;102.0;9924.0;54.0;;;9926;102;9927.0;54.0;;;9925.5;0.0
4;4400;VOLCANIC_ROCK_VOUCHER_10250;3.0;14.0;;;;;4;14;;;;;3.5;-16.14642333984375
4;4400;JAMS;6450.0;95.0;6449.0;107.0;;;6451;95;6452.0;107.0;;;6450.5;0.0
4;4400;VOLCANIC_ROCK_VOUCHER_10000;42.0;14.0;;;;;43;14;;;;;42.5;24.0
4;4400;DJEMBES;13371.0;76.0;;;;;13372;30;13373.0;46.0;;;13371.5;0.0
4;4400;KELP;2035.0;20.0;;;;;2039;20;;;;;2037.0;0.0
4;4500;MAGNIFICENT_MACARONS;771.0;18.0;769.0;19.0;763.0;23.0;774;5;780.0;9.0;788.0;23.0;772.5;0.0
4;4500;VOLCANIC_ROCK;9925.0;129.0;9924.0;54.0;;;9926;129;9927.0;54.0;;;9925.5;0.0
4;4500;DJEMBES;13372.0;68.0;;;;;13374;68;;;;;13373.0;0.0
4;4500;VOLCANIC_ROCK_VOUCHER_9750;187.0;21.0;;;;;188;21;;;;;187.5;6.0
4;4500;PICNIC_BASKET1;58339.0;2.0;58338.0;19.0;58337.0;24.0;58348;2;58349.0;19.0;58350.0;24.0;58343.5;0.0
4;4500;VOLCANIC_ROCK_VOUCHER_10000;38.0;21.0;;;;;39;21;;;;;38.5;43.253997802734375
4;4500;JAMS;6450.0;261.0;;;;;6452;261;;;;;6451.0;0.0
4;4500;PICNIC_BASKET2;30134.0;21.0;30133.0;24.0;;;30139;2;30140.0;43.0;;;30136.5;0.0
4;4500;KELP;2035.0;25.0;;;;;2039;25;;;;;2037.0;0.0
4;4500;VOLCANIC_ROCK_VOUCHER_10500;0.0;21.0;;;;;2;21;;;;;1.0;-5.0
4;4500;VOLCANIC_ROCK_VOUCHER_9500;426.0;21.0;;;;;427;21;;;;;426.5;-6.0
4;4500;RAINFOREST_RESIN;9992.0;35.0;;;;;10000;5;10008.0;35.0;;;9996.0;0.0
4;4500;VOLCANIC_ROCK_VOUCHER_10250;3.0;21.0;;;;;4;21;;;;;3.5;-20.505584716796875
4;4500;SQUID_INK;1945.0;25.0;;;;;1948;25;;;;;1946.5;0.0
4;4500;CROISSANTS;4296.0;121.0;;;;;4297;121;;;;;4296.5;0.0
4;4600;VOLCANIC_ROCK_VOUCHER_10250;3.0;15.0;;;;;4;15;;;;;3.5;-19.027191162109375
4;4600;VOLCANIC_ROCK_VOUCHER_10000;36.0;15.0;;;;;37;15;;;;;36.5;57.73101806640625
4;4600;CROISSANTS;4296.0;143.0;;;;;4297;54;4298.0;89.0;;;4296.5;0.0
4;4600;JAMS;6450.0;89.0;6449.0;143.0;;;6451;89;6452.0;143.0;;;6450.5;0.0
4;4600;KELP;2035.0;29.0;;;;;2038;24;;;;;2036.5;0.0
4;4600;VOLCANIC_ROCK;9926.0;137.0;9925.0;58.0;;;9927;137;9928.0;58.0;;;9926.5;0.0
4;4600;RAINFOREST_RESIN;9992.0;29.0;;;;;10008;29;;;;;10000.0;0.0
4;4600;SQUID_INK;1946.0;29.0;;;;;1949;24;;;;;1947.5;0.0
4;4600;MAGNIFICENT_MACARONS;771.0;14.0;768.0;14.0;762.0;23.0;779;7;787.0;23.0;793.0;14.0;775.0;0.0
4;4600;DJEMBES;13372.0;54.0;;;;;13374;54;;;;;13373.0;0.0
4;4600;VOLCANIC_ROCK_VOUCHER_9500;427.0;15.0;;;;;428;15;;;;;427.5;-6.0
4;4600;VOLCANIC_ROCK_VOUCHER_10500;0.0;15.0;;;;;2;15;;;;;1.0;-5.0
4;4600;VOLCANIC_ROCK_VOUCHER_9750;187.0;15.0;;;;;188;15;;;;;187.5;6.0
4;4600;PICNIC_BASKET1;58347.0;4.0;58343.0;1.0;58342.0;14.0;58352;1;58353.0;38.0;;;58349.5;0.0
4;4600;PICNIC_BASKET2;30135.0;4.0;30133.0;1.0;30132.0;38.0;30138;15;30139.0;24.0;;;30136.5;0.0
4;4700;VOLCANIC_ROCK_VOUCHER_9750;192.0;7.0;;;;;193;17;;;;;192.5;6.0
4;4700;PICNIC_BASKET1;58342.0;17.0;58341.0;21.0;;;58352;17;58353.0;21.0;;;58347.0;0.0
4;4700;PICNIC_BASKET2;30138.0;17.0;30137.0;21.0;;;30143;1;30144.0;37.0;;;30140.5;0.0
4;4700;MAGNIFICENT_MACARONS;772.0;16.0;770.0;16.0;764.0;24.0;780;8;789.0;24.0;795.0;16.0;776.0;0.0
4;4700;VOLCANIC_ROCK_VOUCHER_9500;431.0;7.0;;;;;432;17;;;;;431.5;-6.0
4;4700;SQUID_INK;1945.0;25.0;;;;;1948;25;;;;;1946.5;0.0
4;4700;VOLCANIC_ROCK_VOUCHER_10000;36.0;7.0;;;;;37;17;;;;;36.5;54.50299072265625
4;4700;CROISSANTS;4296.0;97.0;;;;;4297;40;4298.0;50.0;;;4296.5;0.0
4;4700;JAMS;6450.0;158.0;;;;;6452;158;;;;;6451.0;0.0
4;4700;KELP;2035.0;25.0;;;;;2038;1;2039.0;24.0;;;2036.5;0.0
4;4700;VOLCANIC_ROCK_VOUCHER_10500;0.0;17.0;;;;;1;10;2.0;17.0;;;0.5;-5.0
4;4700;DJEMBES;13372.0;71.0;;;;;13373;21;13374.0;50.0;;;13372.5;0.0
4;4700;VOLCANIC_ROCK;9930.0;191.0;;;;;9932;191;;;;;9931.0;0.0
4;4700;RAINFOREST_RESIN;9992.0;31.0;;;;;10008;31;;;;;10000.0;0.0
4;4700;VOLCANIC_ROCK_VOUCHER_10250;3.0;7.0;;;;;4;17;;;;;3.5;-2.156585693359375
4;4800;VOLCANIC_ROCK;9932.0;138.0;9931.0;65.0;;;9934;203;;;;;9933.0;0.0
4;4800;VOLCANIC_ROCK_VOUCHER_10500;1.0;20.0;0.0;19.0;;;2;19;;;;;1.5;-5.0
4;4800;SQUID_INK;1946.0;30.0;;;;;1948;3;1949.0;30.0;;;1947.0;0.0
4;4800;VOLCANIC_ROCK_VOUCHER_10250;3.0;39.0;;;;;4;19;;;;;3.5;2.47979736328125
4;4800;VOLCANIC_ROCK_VOUCHER_10000;34.0;39.0;;;;;35;19;;;;;34.5;54.0
4;4800;JAMS;6451.0;56.0;6450.0;154.0;;;6452;210;;;;;6451.5;0.0
4;4800;DJEMBES;13372.0;63.0;;;;;13373;69;;;;;13372.5;0.0
4;4800;KELP;2035.0;30.0;;;;;2037;3;2038.0;30.0;;;2036.0;0.0
4;4800;VOLCANIC_ROCK_VOUCHER_9500;433.0;39.0;;;;;434;19;;;;;433.5;-6.0
4;4800;RAINFOREST_RESIN;9992.0;29.0;;;;;10008;29;;;;;10000.0;0.0
4;4800;VOLCANIC_ROCK_VOUCHER_9750;194.0;39.0;;;;;195;19;;;;;194.5;6.0
4;4800;PICNIC_BASKET1;58341.0;2.0;58340.0;17.0;58339.0;28.0;58350;2;58351.0;45.0;;;58345.5;0.0
4;4800;PICNIC_BASKET2;30140.0;19.0;30139.0;28.0;;;30145;2;30146.0;45.0;;;30142.5;0.0
4;4800;MAGNIFICENT_MACARONS;771.0;16.0;768.0;17.0;762.0;28.0;779;8;787.0;28.0;793.0;17.0;775.0;0.0
4;4800;CROISSANTS;4296.0;98.0;;;;;4297;98;;;;;4296.5;0.0
4;4900;VOLCANIC_ROCK_VOUCHER_9500;432.0;13.0;;;;;434;13;;;;;433.0;-6.0
4;4900;RAINFOREST_RESIN;9992.0;25.0;;;;;10008;25;;;;;10000.0;0.0
4;4900;VOLCANIC_ROCK_VOUCHER_10250;3.0;13.0;;;;;4;13;;;;;3.5;-0.29400634765625
4;4900;SQUID_INK;1945.0;25.0;;;;;1949;25;;;;;1947.0;0.0
4;4900;CROISSANTS;4295.0;122.0;;;;;4296;65;4297.0;57.0;;;4295.5;0.0
4;4900;MAGNIFICENT_MACARONS;773.0;10.0;771.0;13.0;765.0;25.0;781;5;790.0;25.0;796.0;13.0;777.0;0.0
4;4900;DJEMBES;13372.0;63.0;;;;;13373;63;;;;;13372.5;0.0
4;4900;VOLCANIC_ROCK;9931.0;152.0;;;;;9933;152;;;;;9932.0;0.0
4;4900;VOLCANIC_ROCK_VOUCHER_9750;194.0;13.0;;;;;195;13;;;;;194.5;6.0
4;4900;PICNIC_BASKET1;58334.0;13.0;58333.0;23.0;;;58345;13;58346.0;23.0;;;58339.5;0.0
4;4900;VOLCANIC_ROCK_VOUCHER_10000;40.0;13.0;;;;;41;13;;;;;40.5;54.0
4;4900;JAMS;6450.0;252.0;;;;;6452;252;;;;;6451.0;0.0
4;4900;PICNIC_BASKET2;30138.0;13.0;30137.0;23.0;;;30144;36;;;;;30141.0;0.0
4;4900;KELP;2035.0;25.0;;;;;2038;25;;;;;2036.5;0.0
4;4900;VOLCANIC_ROCK_VOUCHER_10500;0.0;13.0;;;;;2;13;;;;;1.0;-5.0
4;5000;MAGNIFICENT_MACARONS;773.0;18.0;771.0;15.0;765.0;28.0;782;9;790.0;28.0;796.0;15.0;777.5;0.0
4;5000;DJEMBES;13372.0;17.0;13371.0;42.0;;;13373;59;;;;;13372.5;0.0
4;5000;VOLCANIC_ROCK_VOUCHER_9500;432.0;16.0;;;;;433;16;;;;;432.5;-6.0
4;5000;VOLCANIC_ROCK_VOUCHER_10500;0.0;16.0;;;;;2;16;;;;;1.0;-5.0
4;5000;VOLCANIC_ROCK_VOUCHER_9750;196.0;16.0;;;;;197;16;;;;;196.5;6.0
4;5000;PICNIC_BASKET1;58336.0;1.0;58335.0;15.0;58334.0;17.0;58345;1;58346.0;15.0;58347.0;17.0;58340.5;0.0
4;5000;PICNIC_BASKET2;30136.0;16.0;30135.0;17.0;;;30141;1;30142.0;32.0;;;30138.5;0.0
4;5000;VOLCANIC_ROCK_VOUCHER_10250;3.0;16.0;;;;;4;16;;;;;3.5;-7.96051025390625
4;5000;VOLCANIC_ROCK_VOUCHER_10000;38.0;16.0;;;;;39;16;;;;;38.5;54.0
4;5000;CROISSANTS;4295.0;117.0;;;;;4297;117;;;;;4296.0;0.0
4;5000;JAMS;6450.0;234.0;;;;;6452;234;;;;;6451.0;0.0
4;5000;KELP;2035.0;29.0;;;;;2038;29;;;;;2036.5;0.0
4;5000;VOLCANIC_ROCK;9930.0;204.0;;;;;9932;139;9933.0;65.0;;;9931.0;0.0
4;5000;RAINFOREST_RESIN;9992.0;34.0;;;;;10008;34;;;;;10000.0;0.0
4;5000;SQUID_INK;1945.0;29.0;;;;;1948;29;;;;;1946.5;0.0
4;5100;VOLCANIC_ROCK_VOUCHER_10000;33.0;12.0;;;;;34;12;;;;;33.5;54.0
4;5100;SQUID_INK;1946.0;22.0;;;;;1949;23;;;;;1947.5;0.0
4;5100;CROISSANTS;4295.0;121.0;;;;;4297;121;;;;;4296.0;0.0
4;5100;KELP;2035.0;22.0;;;;;2038;23;;;;;2036.5;0.0
4;5100;JAMS;6451.0;57.0;6450.0;136.0;;;6452;57;6453.0;136.0;;;6451.5;0.0
4;5100;VOLCANIC_ROCK_VOUCHER_10500;0.0;12.0;;;;;2;12;;;;;1.0;-5.0
4;5100;DJEMBES;13372.0;76.0;;;;;13373;28;13374.0;48.0;;;13372.5;0.0
4;5100;VOLCANIC_ROCK;9932.0;144.0;;;;;9933;9;9934.0;103.0;9935.0;41.0;9932.5;0.0
4;5100;RAINFOREST_RESIN;9992.0;28.0;;;;;10008;28;;;;;10000.0;0.0
4;5100;VOLCANIC_ROCK_VOUCHER_10250;3.0;12.0;;;;;4;12;;;;;3.5;-3.772796630859375
4;5100;VOLCANIC_ROCK_VOUCHER_9750;193.0;12.0;;;;;195;12;;;;;194.0;15.94500732421875
4;5100;PICNIC_BASKET1;58330.0;12.0;58329.0;28.0;;;58340;12;58341.0;28.0;;;58335.0;0.0
4;5100;PICNIC_BASKET2;30136.0;2.0;30135.0;38.0;;;30141;2;30142.0;38.0;;;30138.5;0.0
4;5100;MAGNIFICENT_MACARONS;772.0;12.0;770.0;10.0;764.0;21.0;780;6;789.0;21.0;795.0;10.0;776.0;0.0
4;5100;VOLCANIC_ROCK_VOUCHER_9500;434.0;12.0;;;;;435;12;;;;;434.5;-6.0
4;5200;VOLCANIC_ROCK_VOUCHER_9500;435.0;12.0;;;;;436;12;;;;;435.5;-6.0
4;5200;RAINFOREST_RESIN;9992.0;25.0;;;;;10008;25;;;;;10000.0;0.0
4;5200;VOLCANIC_ROCK_VOUCHER_9750;197.0;12.0;;;;;198;12;;;;;197.5;0.905029296875
4;5200;PICNIC_BASKET1;58334.0;1.0;58333.0;11.0;58332.0;18.0;58343;1;58344.0;11.0;58345.0;18.0;58338.5;0.0
4;5200;PICNIC_BASKET2;30139.0;1.0;30138.0;29.0;;;30144;1;30145.0;29.0;;;30141.5;0.0
4;5200;MAGNIFICENT_MACARONS;773.0;20.0;770.0;11.0;764.0;28.0;781;10;789.0;28.0;795.0;11.0;777.0;0.0
4;5200;CROISSANTS;4296.0;54.0;4295.0;100.0;;;4297;154;;;;;4296.5;0.0
4;5200;VOLCANIC_ROCK;9934.0;133.0;9933.0;67.0;;;9935;133;9936.0;67.0;;;9934.5;0.0
4;5200;VOLCANIC_ROCK_VOUCHER_10500;0.0;12.0;;;;;2;12;;;;;1.0;-5.0
4;5200;SQUID_INK;1946.0;29.0;;;;;1948;8;1949.0;29.0;;;1947.0;0.0
4;5200;VOLCANIC_ROCK_VOUCHER_10250;3.0;12.0;;;;;4;12;;;;;3.5;1.516815185546875
4;5200;VOLCANIC_ROCK_VOUCHER_10000;36.0;12.0;;;;;37;12;;;;;36.5;54.0
4;5200;KELP;2035.0;29.0;;;;;2037;8;2038.0;29.0;;;2036.0;0.0
4;5200;JAMS;6451.0;100.0;6450.0;107.0;;;6452;100;6453.0;107.0;;;6451.5;0.0
4;5200;DJEMBES;13372.0;54.0;;;;;13373;54;;;;;13372.5;0.0
4;5300;MAGNIFICENT_MACARONS;770.0;20.0;767.0;11.0;761.0;30.0;778;10;786.0;30.0;792.0;11.0;774.0;0.0
4;5300;DJEMBES;13372.0;58.0;;;;;13373;23;13374.0;35.0;;;13372.5;0.0
4;5300;VOLCANIC_ROCK;9934.0;138.0;9933.0;45.0;;;9935;147;9936.0;45.0;;;9934.5;0.0
4;5300;VOLCANIC_ROCK_VOUCHER_9750;197.0;13.0;;;;;198;13;;;;;197.5;-1.8419189453125
4;5300;PICNIC_BASKET1;58335.0;2.0;58334.0;11.0;58333.0;23.0;58344;2;58345.0;11.0;58346.0;23.0;58339.5;0.0
4;5300;VOLCANIC_ROCK_VOUCHER_10000;33.0;13.0;;;;;34;13;;;;;33.5;54.0
4;5300;KELP;2035.0;32.0;;;;;2038;32;;;;;2036.5;0.0
4;5300;JAMS;6451.0;243.0;;;;;6453;252;;;;;6452.0;0.0
4;5300;PICNIC_BASKET2;30142.0;2.0;30141.0;34.0;;;30147;13;30148.0;23.0;;;30144.5;0.0
4;5300;VOLCANIC_ROCK_VOUCHER_10500;0.0;13.0;;;;;2;13;;;;;1.0;-5.0
4;5300;VOLCANIC_ROCK_VOUCHER_9500;435.0;13.0;;;;;436;13;;;;;435.5;-6.0
4;5300;RAINFOREST_RESIN;10001.0;1.0;9992.0;31.0;;;10008;31;;;;;10004.5;0.0
4;5300;VOLCANIC_ROCK_VOUCHER_10250;3.0;13.0;;;;;4;13;;;;;3.5;-3.392608642578125
4;5300;SQUID_INK;1944.0;32.0;;;;;1948;32;;;;;1946.0;0.0
4;5300;CROISSANTS;4295.0;143.0;;;;;4297;143;;;;;4296.0;0.0
4;5400;VOLCANIC_ROCK_VOUCHER_10250;3.0;18.0;;;;;4;18;;;;;3.5;1.7860107421875
4;5400;VOLCANIC_ROCK_VOUCHER_10000;41.0;18.0;;;;;42;18;;;;;41.5;54.0
4;5400;CROISSANTS;4295.0;93.0;;;;;4297;93;;;;;4296.0;0.0
4;5400;KELP;2035.0;25.0;;;;;2038;25;;;;;2036.5;0.0
4;5400;JAMS;6451.0;53.0;6450.0;133.0;;;6452;53;6453.0;133.0;;;6451.5;0.0
4;5400;VOLCANIC_ROCK;9935.0;182.0;;;;;9937;124;9938.0;58.0;;;9936.0;0.0
4;5400;RAINFOREST_RESIN;9992.0;28.0;;;;;10008;28;;;;;10000.0;0.0
4;5400;SQUID_INK;1947.0;25.0;;;;;1950;25;;;;;1948.5;0.0
4;5400;MAGNIFICENT_MACARONS;772.0;12.0;769.0;16.0;763.0;23.0;780;6;788.0;23.0;794.0;16.0;776.0;0.0
4;5400;DJEMBES;13372.0;59.0;;;;;13373;23;13374.0;36.0;;;13372.5;0.0
4;5400;VOLCANIC_ROCK_VOUCHER_9500;436.0;18.0;;;;;437;18;;;;;436.5;-6.0
4;5400;VOLCANIC_ROCK_VOUCHER_10500;0.0;18.0;;;;;2;18;;;;;1.0;-5.0
4;5400;VOLCANIC_ROCK_VOUCHER_9750;198.0;18.0;;;;;199;18;;;;;198.5;-16.837890625
4;5400;PICNIC_BASKET1;58329.0;2.0;58328.0;39.0;;;58338;2;58339.0;16.0;58340.0;23.0;58333.5;0.0
4;5400;PICNIC_BASKET2;30140.0;2.0;30139.0;39.0;;;30145;2;30146.0;39.0;;;30142.5;0.0
4;5500;VOLCANIC_ROCK_VOUCHER_9750;197.0;19.0;;;;;198;19;;;;;197.5;-12.18505859375
4;5500;PICNIC_BASKET1;58323.0;19.0;58322.0;18.0;;;58334;19;58335.0;18.0;;;58328.5;0.0
4;5500;PICNIC_BASKET2;30137.0;19.0;30136.0;18.0;;;30143;37;;;;;30140.0;0.0
4;5500;MAGNIFICENT_MACARONS;770.0;12.0;767.0;19.0;761.0;20.0;774;9;778.0;6.0;786.0;20.0;772.0;0.0
4;5500;VOLCANIC_ROCK_VOUCHER_9500;435.0;19.0;;;;;436;19;;;;;435.5;-6.0
4;5500;VOLCANIC_ROCK_VOUCHER_10000;42.0;19.0;;;;;43;19;;;;;42.5;54.0
4;5500;SQUID_INK;1948.0;19.0;;;;;1951;20;;;;;1949.5;0.0
4;5500;CROISSANTS;4295.0;146.0;;;;;4296;50;4297.0;100.0;;;4295.5;0.0
4;5500;KELP;2035.0;19.0;;;;;2038;20;;;;;2036.5;0.0
4;5500;JAMS;6450.0;100.0;6449.0;107.0;;;6451;100;6452.0;107.0;;;6450.5;0.0
4;5500;VOLCANIC_ROCK_VOUCHER_10500;0.0;19.0;;;;;2;19;;;;;1.0;-5.0
4;5500;DJEMBES;13373.0;18.0;13372.0;33.0;;;13374;51;;;;;13373.5;0.0
4;5500;VOLCANIC_ROCK;9934.0;106.0;9933.0;76.0;;;9935;106;9936.0;76.0;;;9934.5;0.0
4;5500;RAINFOREST_RESIN;9992.0;34.0;;;;;10008;34;;;;;10000.0;0.0
4;5500;VOLCANIC_ROCK_VOUCHER_10250;3.0;19.0;;;;;4;19;;;;;3.5;-5.05859375
4;5600;VOLCANIC_ROCK;9935.0;108.0;9934.0;52.0;;;9937;160;;;;;9936.0;0.0
4;5600;VOLCANIC_ROCK_VOUCHER_10500;0.0;12.0;;;;;2;12;;;;;1.0;-5.0
4;5600;SQUID_INK;1947.0;25.0;;;;;1950;25;;;;;1948.5;0.0
4;5600;VOLCANIC_ROCK_VOUCHER_10250;3.0;12.0;;;;;4;12;;;;;3.5;-3.213897705078125
4;5600;VOLCANIC_ROCK_VOUCHER_10000;35.0;12.0;;;;;36;12;;;;;35.5;85.76399230957031
4;5600;DJEMBES;13373.0;77.0;;;;;13374;27;13375.0;50.0;;;13373.5;0.0
4;5600;KELP;2035.0;25.0;;;;;2038;25;;;;;2036.5;0.0
4;5600;JAMS;6449.0;197.0;;;;;6451;197;;;;;6450.0;0.0
4;5600;RAINFOREST_RESIN;9992.0;29.0;;;;;10008;29;;;;;10000.0;0.0
4;5600;PICNIC_BASKET1;58325.0;2.0;58324.0;10.0;58323.0;27.0;58334;2;58335.0;10.0;58336.0;27.0;58329.5;0.0
4;5600;PICNIC_BASKET2;30137.0;12.0;30136.0;27.0;;;30143;39;;;;;30140.0;0.0
4;5600;VOLCANIC_ROCK_VOUCHER_9750;196.0;12.0;;;;;197;12;;;;;196.5;15.023681640625
4;5600;MAGNIFICENT_MACARONS;768.0;16.0;765.0;10.0;759.0;23.0;776;8;784.0;23.0;790.0;10.0;772.0;0.0
4;5600;CROISSANTS;4295.0;142.0;;;;;4296;52;4297.0;90.0;;;4295.5;0.0
4;5600;VOLCANIC_ROCK_VOUCHER_9500;436.0;12.0;;;;;437;12;;;;;436.5;-6.0
4;5700;RAINFOREST_RESIN;9992.0;30.0;;;;;10008;30;;;;;10000.0;0.0
4;5700;VOLCANIC_ROCK_VOUCHER_10250;3.0;20.0;;;;;4;20;;;;;3.5;0.02008056640625
4;5700;SQUID_INK;1944.0;31.0;;;;;1947;1;1948.0;30.0;;;1945.5;0.0
4;5700;CROISSANTS;4295.0;122.0;;;;;4296;39;4297.0;83.0;;;4295.5;0.0
4;5700;VOLCANIC_ROCK_VOUCHER_9500;437.0;20.0;;;;;439;20;;;;;438.0;-6.0
4;5700;MAGNIFICENT_MACARONS;767.0;10.0;765.0;19.0;759.0;30.0;772;9;776.0;5.0;784.0;30.0;769.5;0.0
4;5700;DJEMBES;13374.0;65.0;;;;;13375;74;;;;;13374.5;0.0
4;5700;VOLCANIC_ROCK;9936.0;146.0;;;;;9938;102;9939.0;44.0;;;9937.0;0.0
4;5700;VOLCANIC_ROCK_VOUCHER_9750;198.0;20.0;;;;;199;20;;;;;198.5;-20.682373046875
4;5700;PICNIC_BASKET2;30139.0;47.0;;;;;30145;20;30146.0;27.0;;;30142.0;0.0
4;5700;KELP;2035.0;31.0;;;;;2038;31;;;;;2036.5;0.0
4;5700;PICNIC_BASKET1;58334.0;1.0;58333.0;19.0;58332.0;27.0;58343;1;58344.0;19.0;58345.0;27.0;58338.5;0.0
4;5700;JAMS;6451.0;229.0;;;;;6453;229;;;;;6452.0;0.0
4;5700;VOLCANIC_ROCK_VOUCHER_10000;39.0;20.0;;;;;40;20;;;;;39.5;84.0
4;5700;VOLCANIC_ROCK_VOUCHER_10500;0.0;20.0;;;;;2;20;;;;;1.0;-5.0
4;5800;VOLCANIC_ROCK_VOUCHER_9750;198.0;20.0;;;;;199;20;;;;;198.5;-25.43603515625
4;5800;MAGNIFICENT_MACARONS;765.0;10.0;762.0;20.0;756.0;21.0;773;5;781.0;21.0;787.0;20.0;769.0;0.0
4;5800;VOLCANIC_ROCK_VOUCHER_9500;438.0;20.0;;;;;439;20;;;;;438.5;-6.0
4;5800;DJEMBES;13374.0;60.0;;;;;13376;60;;;;;13375.0;0.0
4;5800;VOLCANIC_ROCK_VOUCHER_10500;0.0;20.0;;;;;2;20;;;;;1.0;-5.0
4;5800;PICNIC_BASKET2;30139.0;20.0;30138.0;20.0;;;30145;40;;;;;30142.0;0.0
4;5800;PICNIC_BASKET1;58336.0;20.0;58335.0;20.0;;;58347;20;58348.0;20.0;;;58341.5;0.0
4;5800;VOLCANIC_ROCK_VOUCHER_10250;3.0;20.0;;;;;4;20;;;;;3.5;0.268798828125
4;5800;KELP;2035.0;20.0;;;;;2038;21;;;;;2036.5;0.0
4;5800;CROISSANTS;4295.0;95.0;;;;;4297;95;;;;;4296.0;0.0
4;5800;JAMS;6451.0;251.0;;;;;6453;251;;;;;6452.0;0.0
4;5800;VOLCANIC_ROCK_VOUCHER_10000;41.0;20.0;;;;;42;20;;;;;41.5;84.0
4;5800;RAINFOREST_RESIN;9992.0;35.0;;;;;10008;35;;;;;10000.0;0.0
4;5800;VOLCANIC_ROCK;9937.0;102.0;9936.0;75.0;;;9939;177;;;;;9938.0;0.0
4;5800;SQUID_INK;1945.0;20.0;;;;;1948;21;;;;;1946.5;0.0
4;5900;SQUID_INK;1943.0;26.0;;;;;1946;26;;;;;1944.5;0.0
4;5900;KELP;2035.0;26.0;;;;;2038;26;;;;;2036.5;0.0
4;5900;CROISSANTS;4295.0;141.0;;;;;4297;141;;;;;4296.0;0.0
4;5900;JAMS;6451.0;239.0;;;;;6452;97;6453.0;137.0;;;6451.5;0.0
4;5900;VOLCANIC_ROCK_VOUCHER_10000;37.0;22.0;;;;;38;22;;;;;37.5;84.0
4;5900;VOLCANIC_ROCK_VOUCHER_10500;0.0;22.0;;;;;2;22;;;;;1.0;-5.0
4;5900;DJEMBES;13374.0;74.0;;;;;13375;24;13376.0;50.0;;;13374.5;0.0
4;5900;RAINFOREST_RESIN;9992.0;34.0;;;;;10008;34;;;;;10000.0;0.0
4;5900;VOLCANIC_ROCK_VOUCHER_10250;3.0;22.0;;;;;4;22;;;;;3.5;-11.09356689453125
4;5900;VOLCANIC_ROCK;9935.0;102.0;9934.0;77.0;;;9937;179;;;;;9936.0;0.0
4;5900;PICNIC_BASKET2;30138.0;2.0;30137.0;44.0;;;30143;22;30144.0;24.0;;;30140.5;0.0
4;5900;VOLCANIC_ROCK_VOUCHER_9500;436.0;22.0;;;;;437;22;;;;;436.5;-6.0
4;5900;PICNIC_BASKET1;58343.0;2.0;58342.0;20.0;58341.0;24.0;58352;2;58353.0;20.0;58354.0;24.0;58347.5;0.0
4;5900;MAGNIFICENT_MACARONS;765.0;16.0;763.0;20.0;757.0;24.0;773;8;782.0;24.0;788.0;20.0;769.0;0.0
4;5900;VOLCANIC_ROCK_VOUCHER_9750;197.0;22.0;;;;;198;22;;;;;197.5;-1.7373046875
4;6000;RAINFOREST_RESIN;9992.0;27.0;;;;;10003;2;10008.0;27.0;;;9997.5;0.0
4;6000;PICNIC_BASKET2;30141.0;16.0;30140.0;29.0;;;30147;45;;;;;30144.0;0.0
4;6000;PICNIC_BASKET1;58345.0;2.0;58344.0;14.0;58343.0;29.0;58354;2;58355.0;14.0;58356.0;29.0;58349.5;0.0
4;6000;VOLCANIC_ROCK_VOUCHER_9750;195.0;16.0;;;;;196;16;;;;;195.5;18.4150390625
4;6000;MAGNIFICENT_MACARONS;763.0;14.0;760.0;14.0;754.0;26.0;771;7;779.0;26.0;785.0;14.0;767.0;0.0
4;6000;VOLCANIC_ROCK_VOUCHER_9500;436.0;16.0;;;;;437;16;;;;;436.5;-6.0
4;6000;CROISSANTS;4296.0;50.0;4295.0;76.0;;;4297;126;;;;;4296.5;0.0
4;6000;VOLCANIC_ROCK_VOUCHER_10500;0.0;16.0;;;;;2;16;;;;;1.0;-5.0
4;6000;VOLCANIC_ROCK;9935.0;142.0;9934.0;67.0;;;9936;142;9937.0;67.0;;;9935.5;0.0
4;6000;SQUID_INK;1943.0;28.0;;;;;1946;28;;;;;1944.5;0.0
4;6000;VOLCANIC_ROCK_VOUCHER_10250;3.0;16.0;;;;;4;16;;;;;3.5;-16.72857666015625
4;6000;DJEMBES;13376.0;60.0;;;;;13377;60;;;;;13376.5;0.0
4;6000;KELP;2035.0;28.0;;;;;2038;28;;;;;2036.5;0.0
4;6000;JAMS;6451.0;76.0;6450.0;172.0;;;6452;76;6453.0;172.0;;;6451.5;0.0
4;6000;VOLCANIC_ROCK_VOUCHER_10000;36.0;16.0;;;;;37;16;;;;;36.5;84.0
4;6100;DJEMBES;13375.0;65.0;;;;;13377;65;;;;;13376.0;0.0
4;6100;MAGNIFICENT_MACARONS;764.0;18.0;761.0;11.0;755.0;27.0;772;9;780.0;27.0;786.0;11.0;768.0;0.0
4;6100;VOLCANIC_ROCK;9935.0;180.0;;;;;9937;107;9938.0;73.0;;;9936.0;0.0
4;6100;VOLCANIC_ROCK_VOUCHER_9750;198.0;11.0;;;;;199;11;;;;;198.5;-17.009033203125
4;6100;PICNIC_BASKET2;30140.0;37.0;;;;;30146;11;30147.0;26.0;;;30143.0;0.0
4;6100;KELP;2035.0;27.0;;;;;2038;27;;;;;2036.5;0.0
4;6100;PICNIC_BASKET1;58344.0;37.0;;;;;58355;11;58356.0;26.0;;;58349.5;0.0
4;6100;JAMS;6451.0;232.0;;;;;6453;232;;;;;6452.0;0.0
4;6100;VOLCANIC_ROCK_VOUCHER_10000;37.0;11.0;;;;;38;11;;;;;37.5;84.0
4;6100;VOLCANIC_ROCK_VOUCHER_10500;0.0;11.0;;;;;2;11;;;;;1.0;-5.0
4;6100;RAINFOREST_RESIN;9992.0;28.0;;;;;10008;28;;;;;10000.0;0.0
4;6100;VOLCANIC_ROCK_VOUCHER_10250;3.0;11.0;;;;;4;11;;;;;3.5;-13.82879638671875
4;6100;SQUID_INK;1944.0;27.0;;;;;1947;27;;;;;1945.5;0.0
4;6100;VOLCANIC_ROCK_VOUCHER_9500;437.0;11.0;;;;;438;11;;;;;437.5;-6.0
4;6100;CROISSANTS;4295.0;103.0;;;;;4297;103;;;;;4296.0;0.0
4;6200;VOLCANIC_ROCK_VOUCHER_10250;3.0;19.0;;;;;4;19;;;;;3.5;-16.90679931640625
4;6200;KELP;2035.0;26.0;;;;;2038;26;;;;;2036.5;0.0
4;6200;CROISSANTS;4295.0;162.0;;;;;4297;162;;;;;4296.0;0.0
4;6200;JAMS;6451.0;208.0;;;;;6453;208;;;;;6452.0;0.0
4;6200;VOLCANIC_ROCK_VOUCHER_10000;40.0;19.0;;;;;41;19;;;;;40.5;84.0
4;6200;RAINFOREST_RESIN;9992.0;25.0;;;;;10008;25;;;;;10000.0;0.0
4;6200;VOLCANIC_ROCK;9935.0;138.0;9934.0;47.0;;;9936;138;9937.0;47.0;;;9935.5;0.0
4;6200;SQUID_INK;1943.0;26.0;;;;;1946;26;;;;;1944.5;0.0
4;6200;VOLCANIC_ROCK_VOUCHER_9750;195.0;19.0;;;;;196;19;;;;;195.5;16.28662109375
4;6200;VOLCANIC_ROCK_VOUCHER_9500;436.0;19.0;;;;;438;19;;;;;437.0;-6.0
4;6200;DJEMBES;13375.0;63.0;;;;;13376;63;;;;;13375.5;0.0
4;6200;MAGNIFICENT_MACARONS;764.0;18.0;761.0;19.0;755.0;26.0;772;9;780.0;26.0;786.0;19.0;768.0;0.0
4;6200;VOLCANIC_ROCK_VOUCHER_10500;0.0;19.0;;;;;2;19;;;;;1.0;-5.0
4;6200;PICNIC_BASKET2;30144.0;4.0;30141.0;36.0;;;30148;36;;;;;30146.0;0.0
4;6200;PICNIC_BASKET1;58343.0;4.0;58338.0;19.0;58337.0;17.0;58349;19;58350.0;17.0;;;58346.0;0.0
4;6300;PICNIC_BASKET2;30140.0;41.0;;;;;30146;13;30147.0;28.0;;;30143.0;0.0
4;6300;VOLCANIC_ROCK_VOUCHER_9500;438.0;13.0;;;;;439;13;;;;;438.5;-6.0
4;6300;PICNIC_BASKET1;58338.0;2.0;58337.0;11.0;58336.0;28.0;58347;2;58348.0;11.0;58349.0;28.0;58342.5;0.0
4;6300;MAGNIFICENT_MACARONS;761.0;14.0;759.0;11.0;753.0;29.0;769;7;778.0;29.0;784.0;11.0;765.0;0.0
4;6300;VOLCANIC_ROCK_VOUCHER_9750;199.0;13.0;;;;;200;13;;;;;199.5;16.0
4;6300;SQUID_INK;1941.0;31.0;;;;;1944;31;;;;;1942.5;0.0
4;6300;CROISSANTS;4295.0;143.0;;;;;4296;143;;;;;4295.5;0.0
4;6300;JAMS;6451.0;258.0;;;;;6453;258;;;;;6452.0;0.0
4;6300;VOLCANIC_ROCK_VOUCHER_10000;40.0;13.0;;;;;41;13;;;;;40.5;79.54800415039062
4;6300;VOLCANIC_ROCK_VOUCHER_10500;0.0;13.0;;;;;2;13;;;;;1.0;-5.0
4;6300;KELP;2035.0;31.0;;;;;2038;31;;;;;2036.5;0.0
4;6300;DJEMBES;13375.0;65.0;;;;;13376;28;13377.0;37.0;;;13375.5;0.0
4;6300;RAINFOREST_RESIN;9992.0;26.0;;;;;10008;26;;;;;10000.0;0.0
4;6300;VOLCANIC_ROCK_VOUCHER_10250;3.0;13.0;;;;;4;13;;;;;3.5;-5.7449951171875
4;6300;VOLCANIC_ROCK;9937.0;129.0;9936.0;76.0;;;9938;129;9939.0;76.0;;;9937.5;0.0
4;6400;VOLCANIC_ROCK_VOUCHER_10500;0.0;16.0;;;;;1;11;2.0;16.0;;;0.5;-5.0
4;6400;VOLCANIC_ROCK;9935.0;142.0;9934.0;50.0;;;9936;148;9937.0;50.0;;;9935.5;0.0
4;6400;SQUID_INK;1938.0;21.0;;;;;1941;21;;;;;1939.5;0.0
4;6400;VOLCANIC_ROCK_VOUCHER_10250;3.0;5.0;;;;;4;16;;;;;3.5;-20.314208984375
4;6400;KELP;2035.0;21.0;;;;;2038;21;;;;;2036.5;0.0
4;6400;DJEMBES;13375.0;58.0;;;;;13376;5;13377.0;58.0;;;13375.5;0.0
4;6400;JAMS;6451.0;219.0;;;;;6453;219;;;;;6452.0;0.0
4;6400;VOLCANIC_ROCK_VOUCHER_10000;38.0;5.0;;;;;39;16;;;;;38.5;93.78799438476562
4;6400;RAINFOREST_RESIN;9992.0;30.0;;;;;10008;30;;;;;10000.0;0.0
4;6400;PICNIC_BASKET2;30138.0;16.0;30137.0;18.0;;;30144;34;;;;;30141.0;0.0
4;6400;PICNIC_BASKET1;58341.0;1.0;58340.0;15.0;58339.0;18.0;58350;1;58351.0;33.0;;;58345.5;0.0
4;6400;VOLCANIC_ROCK_VOUCHER_9750;197.0;5.0;;;;;198;16;;;;;197.5;16.0
4;6400;VOLCANIC_ROCK_VOUCHER_9500;436.0;5.0;;;;;437;16;;;;;436.5;-6.0
4;6400;CROISSANTS;4295.0;56.0;4294.0;74.0;;;4296;130;;;;;4295.5;0.0
4;6400;MAGNIFICENT_MACARONS;760.0;16.0;758.0;15.0;752.0;20.0;768;8;777.0;20.0;783.0;15.0;764.0;0.0
4;6500;RAINFOREST_RESIN;9992.0;27.0;;;;;10008;27;;;;;10000.0;0.0
4;6500;VOLCANIC_ROCK_VOUCHER_10250;3.0;14.0;;;;;4;14;;;;;3.5;-7.71563720703125
4;6500;SQUID_INK;1936.0;5.0;1935.0;25.0;;;1939;25;;;;;1937.5;0.0
4;6500;VOLCANIC_ROCK_VOUCHER_9500;439.0;14.0;;;;;440;14;;;;;439.5;-6.0
4;6500;CROISSANTS;4294.0;104.0;;;;;4296;104;;;;;4295.0;0.0
4;6500;DJEMBES;13376.0;19.0;13375.0;39.0;;;13377;58;;;;;13376.5;0.0
4;6500;MAGNIFICENT_MACARONS;755.0;18.0;752.0;14.0;746.0;25.0;763;9;771.0;25.0;777.0;14.0;759.0;0.0
4;6500;VOLCANIC_ROCK;9937.0;190.0;;;;;9939;113;9940.0;77.0;;;9938.0;0.0
4;6500;VOLCANIC_ROCK_VOUCHER_9750;200.0;14.0;;;;;201;14;;;;;200.5;16.0
4;6500;PICNIC_BASKET2;30135.0;14.0;30134.0;19.0;;;30141;33;;;;;30138.0;0.0
4;6500;PICNIC_BASKET1;58337.0;14.0;58336.0;19.0;;;58348;14;58349.0;19.0;;;58342.5;0.0
4;6500;JAMS;6451.0;171.0;;;;;6453;171;;;;;6452.0;0.0
4;6500;VOLCANIC_ROCK_VOUCHER_10000;40.0;14.0;;;;;41;14;;;;;40.5;89.0
4;6500;VOLCANIC_ROCK_VOUCHER_10500;0.0;14.0;;;;;2;14;;;;;1.0;-5.0
4;6500;KELP;2035.0;30.0;;;;;2038;25;;;;;2036.5;0.0
4;6600;VOLCANIC_ROCK_VOUCHER_9750;201.0;17.0;;;;;202;17;;;;;201.5;16.0
4;6600;VOLCANIC_ROCK_VOUCHER_9500;441.0;17.0;;;;;442;17;;;;;441.5;-6.0
4;6600;DJEMBES;13376.0;59.0;;;;;13377;27;13378.0;32.0;;;13376.5;0.0
4;6600;MAGNIFICENT_MACARONS;756.0;18.0;753.0;17.0;747.0;29.0;764;9;772.0;29.0;778.0;17.0;760.0;0.0
4;6600;VOLCANIC_ROCK_VOUCHER_10500;0.0;17.0;;;;;2;17;;;;;1.0;-5.0
4;6600;PICNIC_BASKET2;30134.0;17.0;30133.0;27.0;;;30140;44;;;;;30137.0;0.0
4;6600;PICNIC_BASKET1;58340.0;17.0;58339.0;27.0;;;58351;17;58352.0;27.0;;;58345.5;0.0
4;6600;VOLCANIC_ROCK_VOUCHER_10250;3.0;17.0;;;;;4;17;;;;;3.5;5.34698486328125
4;6600;KELP;2035.0;29.0;;;;;2038;29;;;;;2036.5;0.0
4;6600;CROISSANTS;4294.0;130.0;;;;;4296;130;;;;;4295.0;0.0
4;6600;JAMS;6451.0;200.0;;;;;6453;205;;;;;6452.0;0.0
4;6600;VOLCANIC_ROCK_VOUCHER_10000;39.0;17.0;;;;;40;17;;;;;39.5;89.0
4;6600;RAINFOREST_RESIN;10003.0;10.0;9997.0;6.0;9992.0;34.0;10008;34;;;;;10005.5;0.0
4;6600;VOLCANIC_ROCK;9941.0;122.0;9940.0;80.0;;;9942;129;9943.0;80.0;;;9941.5;0.0
4;6600;SQUID_INK;1936.0;29.0;;;;;1939;29;;;;;1937.5;0.0
4;6700;SQUID_INK;1937.0;4.0;1935.0;23.0;;;1938;23;;;;;1937.5;0.0
4;6700;CROISSANTS;4295.0;58.0;4294.0;62.0;;;4296;120;;;;;4295.5;0.0
4;6700;VOLCANIC_ROCK_VOUCHER_10000;43.0;18.0;;;;;44;18;;;;;43.5;89.0
4;6700;JAMS;6451.0;189.0;;;;;6453;189;;;;;6452.0;0.0
4;6700;VOLCANIC_ROCK_VOUCHER_10500;0.0;18.0;;;;;2;18;;;;;1.0;-5.0
4;6700;DJEMBES;13377.0;16.0;13376.0;48.0;;;13378;64;;;;;13377.5;0.0
4;6700;KELP;2037.0;4.0;2035.0;23.0;;;2038;23;;;;;2037.5;0.0
4;6700;RAINFOREST_RESIN;9992.0;26.0;;;;;10008;26;;;;;10000.0;0.0
4;6700;VOLCANIC_ROCK_VOUCHER_10250;3.0;18.0;;;;;4;18;;;;;3.5;-3.94842529296875
4;6700;VOLCANIC_ROCK;9939.0;141.0;9938.0;47.0;;;9940;141;9941.0;47.0;;;9939.5;0.0
4;6700;PICNIC_BASKET2;30134.0;18.0;30133.0;16.0;;;30139;2;30140.0;32.0;;;30136.5;0.0
4;6700;VOLCANIC_ROCK_VOUCHER_9500;440.0;18.0;;;;;441;18;;;;;440.5;-6.0
4;6700;PICNIC_BASKET1;58342.0;2.0;58341.0;16.0;58340.0;16.0;58351;2;58352.0;32.0;;;58346.5;0.0
4;6700;MAGNIFICENT_MACARONS;758.0;14.0;755.0;16.0;749.0;21.0;766;7;774.0;21.0;780.0;16.0;762.0;0.0
4;6700;VOLCANIC_ROCK_VOUCHER_9750;202.0;18.0;;;;;203;18;;;;;202.5;6.75250244140625
4;6800;RAINFOREST_RESIN;9992.0;33.0;;;;;10008;33;;;;;10000.0;0.0
4;6800;PICNIC_BASKET2;30135.0;8.0;30134.0;23.0;;;30140;2;30141.0;33.0;;;30137.5;0.0
4;6800;PICNIC_BASKET1;58339.0;33.0;;;;;58340;2;58349.0;2.0;58350.0;10.0;58339.5;0.0
4;6800;VOLCANIC_ROCK_VOUCHER_9750;199.0;12.0;;;;;200;12;;;;;199.5;21.9744873046875
4;6800;CROISSANTS;4295.0;58.0;4294.0;50.0;;;4296;108;;;;;4295.5;0.0
4;6800;MAGNIFICENT_MACARONS;758.0;14.0;755.0;10.0;749.0;25.0;762;6;766.0;7.0;774.0;25.0;760.0;0.0
4;6800;VOLCANIC_ROCK_VOUCHER_9500;439.0;12.0;;;;;440;12;;;;;439.5;-6.0
4;6800;VOLCANIC_ROCK;9938.0;106.0;9937.0;41.0;;;9939;106;9940.0;41.0;;;9938.5;0.0
4;6800;VOLCANIC_ROCK_VOUCHER_10500;0.0;12.0;;;;;2;12;;;;;1.0;-5.0
4;6800;DJEMBES;13377.0;68.0;;;;;13379;68;;;;;13378.0;0.0
4;6800;SQUID_INK;1936.0;6.0;1935.0;27.0;;;1938;27;;;;;1937.0;0.0
4;6800;JAMS;6451.0;192.0;;;;;6453;192;;;;;6452.0;0.0
4;6800;VOLCANIC_ROCK_VOUCHER_10250;3.0;12.0;;;;;4;12;;;;;3.5;-14.65966796875
4;6800;KELP;2035.0;33.0;;;;;2038;27;;;;;2036.5;0.0
4;6800;VOLCANIC_ROCK_VOUCHER_10000;36.0;12.0;;;;;37;12;;;;;36.5;89.0
4;6900;MAGNIFICENT_MACARONS;758.0;20.0;755.0;11.0;749.0;30.0;766;10;774.0;30.0;780.0;11.0;762.0;0.0
4;6900;VOLCANIC_ROCK;9940.0;129.0;9939.0;79.0;;;9941;131;9942.0;79.0;;;9940.5;0.0
4;6900;VOLCANIC_ROCK_VOUCHER_9750;200.0;11.0;;;;;201;11;;;;;200.5;17.42401123046875
4;6900;PICNIC_BASKET2;30136.0;28.0;;;;;30142;11;30143.0;17.0;;;30139.0;0.0
4;6900;PICNIC_BASKET1;58340.0;11.0;58339.0;17.0;;;58351;11;58352.0;17.0;;;58345.5;0.0
4;6900;VOLCANIC_ROCK_VOUCHER_10000;37.0;11.0;;;;;38;11;;;;;37.5;89.0
4;6900;JAMS;6451.0;76.0;6450.0;107.0;;;6452;76;6453.0;107.0;;;6451.5;0.0
4;6900;VOLCANIC_ROCK_VOUCHER_10500;0.0;11.0;;;;;2;11;;;;;1.0;-5.0
4;6900;DJEMBES;13378.0;57.0;;;;;13379;17;13380.0;40.0;;;13378.5;0.0
4;6900;KELP;2037.0;1.0;2035.0;30.0;;;2038;30;;;;;2037.5;0.0
4;6900;RAINFOREST_RESIN;9992.0;27.0;;;;;10008;27;;;;;10000.0;0.0
4;6900;VOLCANIC_ROCK_VOUCHER_10250;3.0;11.0;;;;;4;11;;;;;3.5;-3.93353271484375
4;6900;SQUID_INK;1938.0;1.0;1936.0;30.0;;;1939;30;;;;;1938.5;0.0
4;6900;VOLCANIC_ROCK_VOUCHER_9500;441.0;11.0;;;;;442;11;;;;;441.5;-6.0
4;6900;CROISSANTS;4294.0;111.0;;;;;4296;111;;;;;4295.0;0.0
4;7000;CROISSANTS;4295.0;53.0;4294.0;91.0;;;4296;144;;;;;4295.5;0.0
4;7000;JAMS;6451.0;271.0;;;;;6453;271;;;;;6452.0;0.0
4;7000;VOLCANIC_ROCK_VOUCHER_10250;3.0;11.0;;;;;4;11;;;;;3.5;0.81011962890625
4;7000;KELP;2035.0;35.0;;;;;2038;28;;;;;2036.5;0.0
4;7000;VOLCANIC_ROCK_VOUCHER_10000;38.0;11.0;;;;;39;11;;;;;38.5;89.0
4;7000;RAINFOREST_RESIN;9992.0;29.0;;;;;10008;29;;;;;10000.0;0.0
4;7000;VOLCANIC_ROCK;9940.0;147.0;9939.0;49.0;;;9942;187;;;;;9941.0;0.0
4;7000;SQUID_INK;1935.0;35.0;;;;;1938;28;;;;;1936.5;0.0
4;7000;VOLCANIC_ROCK_VOUCHER_9750;201.0;11.0;;;;;202;11;;;;;201.5;11.7254638671875
4;7000;MAGNIFICENT_MACARONS;756.0;10.0;753.0;10.0;747.0;27.0;760;7;764.0;5.0;772.0;27.0;758.0;0.0
4;7000;VOLCANIC_ROCK_VOUCHER_9500;441.0;11.0;;;;;442;11;;;;;441.5;-6.0
4;7000;VOLCANIC_ROCK_VOUCHER_10500;0.0;11.0;;;;;2;11;;;;;1.0;-5.0
4;7000;DJEMBES;13378.0;71.0;;;;;13379;71;;;;;13378.5;0.0
4;7000;PICNIC_BASKET2;30137.0;11.0;30136.0;21.0;;;30142;1;30143.0;31.0;;;30139.5;0.0
4;7000;PICNIC_BASKET1;58341.0;11.0;58340.0;21.0;;;58351;11;58352.0;21.0;;;58346.0;0.0
4;7100;PICNIC_BASKET2;30139.0;11.0;30138.0;26.0;;;30144;1;30145.0;36.0;;;30141.5;0.0
4;7100;PICNIC_BASKET1;58343.0;1.0;58342.0;10.0;58341.0;26.0;58352;1;58353.0;10.0;58354.0;26.0;58347.5;0.0
4;7100;VOLCANIC_ROCK_VOUCHER_9500;441.0;11.0;;;;;442;11;;;;;441.5;-6.0
4;7100;MAGNIFICENT_MACARONS;755.0;20.0;753.0;10.0;747.0;26.0;763;10;772.0;26.0;778.0;10.0;759.0;0.0
4;7100;VOLCANIC_ROCK_VOUCHER_9750;202.0;11.0;;;;;204;11;;;;;203.0;5.98046875
4;7100;SQUID_INK;1936.0;27.0;;;;;1939;27;;;;;1937.5;0.0
4;7100;VOLCANIC_ROCK_VOUCHER_10000;39.0;11.0;;;;;40;11;;;;;39.5;89.0
4;7100;CROISSANTS;4295.0;140.0;;;;;4296;140;;;;;4295.5;0.0
4;7100;JAMS;6451.0;83.0;6450.0;191.0;;;6452;83;6453.0;191.0;;;6451.5;0.0
4;7100;VOLCANIC_ROCK_VOUCHER_10500;0.0;11.0;;;;;2;11;;;;;1.0;-5.0
4;7100;DJEMBES;13378.0;63.0;;;;;13379;63;;;;;13378.5;0.0
4;7100;KELP;2035.0;1.0;2034.0;26.0;;;2038;27;;;;;2036.5;0.0
4;7100;RAINFOREST_RESIN;9992.0;30.0;;;;;10008;30;;;;;10000.0;0.0
4;7100;VOLCANIC_ROCK_VOUCHER_10250;3.0;11.0;;;;;4;11;;;;;3.5;-4.9595947265625
4;7100;VOLCANIC_ROCK;9940.0;138.0;9939.0;74.0;;;9941;138;9942.0;74.0;;;9940.5;0.0
4;7200;VOLCANIC_ROCK_VOUCHER_10500;0.0;15.0;;;;;2;15;;;;;1.0;-5.0
4;7200;DJEMBES;13378.0;20.0;13377.0;33.0;;;13379;53;;;;;13378.5;0.0
4;7200;VOLCANIC_ROCK;9939.0;211.0;;;;;9941;140;9942.0;71.0;;;9940.0;0.0
4;7200;SQUID_INK;1938.0;1.0;1937.0;24.0;;;1941;25;;;;;1939.5;0.0
4;7200;JAMS;6451.0;195.0;;;;;6453;195;;;;;6452.0;0.0
4;7200;VOLCANIC_ROCK_VOUCHER_10250;3.0;15.0;;;;;4;15;;;;;3.5;-8.077880859375
4;7200;KELP;2035.0;1.0;2034.0;24.0;;;2038;25;;;;;2036.5;0.0
4;7200;VOLCANIC_ROCK_VOUCHER_10000;39.0;15.0;;;;;40;15;;;;;39.5;89.0
4;7200;RAINFOREST_RESIN;9992.0;31.0;;;;;10008;31;;;;;10000.0;0.0
4;7200;PICNIC_BASKET2;30141.0;15.0;30140.0;20.0;;;30146;1;30147.0;34.0;;;30143.5;0.0
4;7200;PICNIC_BASKET1;58346.0;1.0;58345.0;34.0;;;58355;1;58356.0;14.0;58357.0;20.0;58350.5;0.0
4;7200;CROISSANTS;4295.0;132.0;;;;;4296;132;;;;;4295.5;0.0
4;7200;VOLCANIC_ROCK_VOUCHER_9750;198.0;15.0;;;;;199;15;;;;;198.5;30.48193359375
4;7200;MAGNIFICENT_MACARONS;757.0;16.0;754.0;14.0;748.0;24.0;765;8;773.0;24.0;779.0;14.0;761.0;0.0
4;7200;VOLCANIC_ROCK_VOUCHER_9500;441.0;15.0;;;;;442;15;;;;;441.5;-6.0
4;7300;RAINFOREST_RESIN;9992.0;27.0;;;;;10008;27;;;;;10000.0;0.0
4;7300;VOLCANIC_ROCK_VOUCHER_10250;3.0;13.0;;;;;4;13;;;;;3.5;-3.1597900390625
4;7300;SQUID_INK;1935.0;30.0;;;;;1938;30;;;;;1936.5;0.0
4;7300;VOLCANIC_ROCK_VOUCHER_9500;441.0;13.0;;;;;442;13;;;;;441.5;-6.0
4;7300;CROISSANTS;4295.0;147.0;;;;;4296;147;;;;;4295.5;0.0
4;7300;MAGNIFICENT_MACARONS;759.0;14.0;757.0;13.0;751.0;30.0;767;7;776.0;30.0;782.0;13.0;763.0;0.0
4;7300;VOLCANIC_ROCK;9940.0;200.0;;;;;9942;136;9943.0;64.0;;;9941.0;0.0
4;7300;VOLCANIC_ROCK_VOUCHER_9750;202.0;13.0;;;;;203;13;;;;;202.5;26.0
4;7300;PICNIC_BASKET2;30142.0;28.0;;;;;30148;13;30149.0;15.0;;;30145.0;0.0
4;7300;PICNIC_BASKET1;58345.0;13.0;58344.0;15.0;;;58356;13;58357.0;15.0;;;58350.5;0.0
4;7300;VOLCANIC_ROCK_VOUCHER_10000;42.0;13.0;;;;;43;13;;;;;42.5;69.80900573730469
4;7300;KELP;2035.0;30.0;;;;;2038;30;;;;;2036.5;0.0
4;7300;JAMS;6451.0;269.0;;;;;6453;269;;;;;6452.0;0.0
4;7300;VOLCANIC_ROCK_VOUCHER_10500;0.0;13.0;;;;;2;13;;;;;1.0;-5.0
4;7300;DJEMBES;13378.0;61.0;;;;;13379;15;13380.0;46.0;;;13378.5;0.0
4;7400;VOLCANIC_ROCK_VOUCHER_9750;200.0;17.0;;;;;201;17;;;;;200.5;26.0
4;7400;MAGNIFICENT_MACARONS;763.0;12.0;761.0;16.0;755.0;21.0;771;6;780.0;21.0;786.0;16.0;767.0;0.0
4;7400;VOLCANIC_ROCK_VOUCHER_9500;441.0;17.0;;;;;442;17;;;;;441.5;-6.0
4;7400;VOLCANIC_ROCK_VOUCHER_10500;0.0;17.0;;;;;2;17;;;;;1.0;-5.0
4;7400;DJEMBES;13378.0;26.0;13377.0;31.0;;;13379;47;;;;;13378.5;0.0
4;7400;PICNIC_BASKET2;30144.0;4.0;30142.0;17.0;30141.0;16.0;30147;1;30148.0;32.0;;;30145.5;0.0
4;7400;PICNIC_BASKET1;58344.0;4.0;58340.0;1.0;58339.0;16.0;58349;1;58350.0;16.0;58351.0;16.0;58346.5;0.0
4;7400;CROISSANTS;4294.0;131.0;;;;;4296;131;;;;;4295.0;0.0
4;7400;KELP;2035.0;22.0;;;;;2038;22;;;;;2036.5;0.0
4;7400;JAMS;6451.0;248.0;;;;;6453;248;;;;;6452.0;0.0
4;7400;VOLCANIC_ROCK_VOUCHER_10250;3.0;17.0;;;;;4;17;;;;;3.5;-11.81121826171875
4;7400;VOLCANIC_ROCK_VOUCHER_10000;42.0;17.0;;;;;43;17;;;;;42.5;73.7340087890625
4;7400;RAINFOREST_RESIN;9992.0;26.0;;;;;10008;26;;;;;10000.0;0.0
4;7400;VOLCANIC_ROCK;9940.0;143.0;9939.0;43.0;;;9941;143;9942.0;43.0;;;9940.5;0.0
4;7400;SQUID_INK;1936.0;22.0;;;;;1939;1;1940.0;21.0;;;1937.5;0.0
4;7500;VOLCANIC_ROCK_VOUCHER_10000;48.0;16.0;;;;;49;16;;;;;48.5;13.8759765625
4;7500;SQUID_INK;1936.0;24.0;;;;;1937;3;1939.0;1.0;1940.0;23.0;1936.5;0.0
4;7500;CROISSANTS;4294.0;104.0;;;;;4295;50;4296.0;54.0;;;4294.5;0.0
4;7500;KELP;2035.0;24.0;;;;;2036;3;2038.0;24.0;;;2035.5;0.0
4;7500;JAMS;6451.0;168.0;;;;;6453;168;;;;;6452.0;0.0
4;7500;VOLCANIC_ROCK_VOUCHER_10500;0.0;16.0;;;;;2;16;;;;;1.0;-5.0
4;7500;DJEMBES;13378.0;72.0;;;;;13379;72;;;;;13378.5;0.0
4;7500;RAINFOREST_RESIN;9992.0;25.0;;;;;10008;25;;;;;10000.0;0.0
4;7500;VOLCANIC_ROCK_VOUCHER_10250;3.0;16.0;;;;;4;16;;;;;3.5;9.8192138671875
4;7500;VOLCANIC_ROCK;9943.0;138.0;9942.0;77.0;;;9944;138;9945.0;77.0;;;9943.5;0.0
4;7500;PICNIC_BASKET2;30139.0;1.0;30138.0;41.0;;;30144;1;30145.0;41.0;;;30141.5;0.0
4;7500;PICNIC_BASKET1;58341.0;1.0;58340.0;15.0;58339.0;26.0;58350;1;58351.0;15.0;58352.0;26.0;58345.5;0.0
4;7500;VOLCANIC_ROCK_VOUCHER_9500;444.0;16.0;;;;;445;16;;;;;444.5;-6.0
4;7500;MAGNIFICENT_MACARONS;765.0;18.0;763.0;15.0;757.0;23.0;770;10;773.0;9.0;782.0;23.0;767.5;0.0
4;7500;VOLCANIC_ROCK_VOUCHER_9750;203.0;16.0;;;;;204;16;;;;;203.5;26.0
4;7600;RAINFOREST_RESIN;9992.0;27.0;;;;;10008;27;;;;;10000.0;0.0
4;7600;PICNIC_BASKET2;30138.0;1.0;30137.0;44.0;;;30143;17;30144.0;28.0;;;30140.5;0.0
4;7600;PICNIC_BASKET1;58341.0;1.0;58340.0;16.0;58339.0;28.0;58350;1;58351.0;16.0;58352.0;28.0;58345.5;0.0
4;7600;CROISSANTS;4294.0;123.0;;;;;4295;123;;;;;4294.5;0.0
4;7600;VOLCANIC_ROCK_VOUCHER_9750;205.0;17.0;;;;;206;17;;;;;205.5;26.0
4;7600;MAGNIFICENT_MACARONS;763.0;18.0;760.0;16.0;754.0;29.0;771;9;779.0;29.0;785.0;16.0;767.0;0.0
4;7600;VOLCANIC_ROCK_VOUCHER_9500;442.0;17.0;;;;;444;17;;;;;443.0;-6.0
4;7600;VOLCANIC_ROCK_VOUCHER_10500;0.0;17.0;;;;;2;17;;;;;1.0;-5.0
4;7600;DJEMBES;13378.0;70.0;;;;;13379;70;;;;;13378.5;0.0
4;7600;VOLCANIC_ROCK;9941.0;175.0;;;;;9943;131;9944.0;44.0;;;9942.0;0.0
4;7600;SQUID_INK;1936.0;30.0;;;;;1939;30;;;;;1937.5;0.0
4;7600;KELP;2035.0;30.0;;;;;2038;30;;;;;2036.5;0.0
4;7600;JAMS;6451.0;79.0;6450.0;112.0;;;6452;79;6453.0;112.0;;;6451.5;0.0
4;7600;VOLCANIC_ROCK_VOUCHER_10250;3.0;17.0;;;;;4;17;;;;;3.5;-5.82000732421875
4;7600;VOLCANIC_ROCK_VOUCHER_10000;40.0;17.0;;;;;41;17;;;;;40.5;129.43701171875
4;7700;MAGNIFICENT_MACARONS;765.0;12.0;763.0;11.0;757.0;23.0;773;6;782.0;23.0;788.0;11.0;769.0;0.0
4;7700;VOLCANIC_ROCK;9939.0;120.0;9938.0;53.0;;;9940;120;9941.0;53.0;;;9939.5;0.0
4;7700;VOLCANIC_ROCK_VOUCHER_9750;199.0;12.0;;;;;200;12;;;;;199.5;51.9835205078125
4;7700;PICNIC_BASKET2;30139.0;12.0;30138.0;29.0;;;30144;1;30145.0;40.0;;;30141.5;0.0
4;7700;PICNIC_BASKET1;58338.0;1.0;58337.0;11.0;58336.0;29.0;58347;1;58348.0;11.0;58349.0;29.0;58342.5;0.0
4;7700;VOLCANIC_ROCK_VOUCHER_10000;42.0;12.0;;;;;43;12;;;;;42.5;119.0
4;7700;KELP;2035.0;24.0;;;;;2037;4;2038.0;24.0;;;2036.0;0.0
4;7700;JAMS;6451.0;200.0;;;;;6453;200;;;;;6452.0;0.0
4;7700;VOLCANIC_ROCK_VOUCHER_10500;0.0;12.0;;;;;2;12;;;;;1.0;-5.0
4;7700;DJEMBES;13378.0;75.0;;;;;13379;29;13380.0;46.0;;;13378.5;0.0
4;7700;RAINFOREST_RESIN;9992.0;31.0;;;;;10008;31;;;;;10000.0;0.0
4;7700;VOLCANIC_ROCK_VOUCHER_10250;3.0;12.0;;;;;4;12;;;;;3.5;-17.98004150390625
4;7700;SQUID_INK;1935.0;24.0;;;;;1937;4;1938.0;24.0;;;1936.0;0.0
4;7700;VOLCANIC_ROCK_VOUCHER_9500;440.0;12.0;;;;;441;12;;;;;440.5;-6.0
4;7700;CROISSANTS;4294.0;113.0;;;;;4295;117;;;;;4294.5;0.0
4;7800;CROISSANTS;4294.0;96.0;;;;;4295;96;;;;;4294.5;0.0
4;7800;KELP;2034.0;22.0;;;;;2035;1;2036.0;3.0;2038.0;22.0;2034.5;0.0
4;7800;JAMS;6451.0;201.0;;;;;6453;201;;;;;6452.0;0.0
4;7800;VOLCANIC_ROCK_VOUCHER_10250;3.0;12.0;;;;;4;12;;;;;3.5;-0.15997314453125
4;7800;VOLCANIC_ROCK_VOUCHER_10000;38.0;12.0;;;;;40;12;;;;;39.0;133.99549865722656
4;7800;RAINFOREST_RESIN;9992.0;28.0;;;;;10008;28;;;;;10000.0;0.0
4;7800;VOLCANIC_ROCK;9942.0;149.0;9941.0;48.0;;;9943;149;9944.0;48.0;;;9942.5;0.0
4;7800;SQUID_INK;1936.0;21.0;;;;;1938;3;1939.0;22.0;;;1937.0;0.0
4;7800;VOLCANIC_ROCK_VOUCHER_9750;202.0;12.0;;;;;203;12;;;;;202.5;51.0
4;7800;MAGNIFICENT_MACARONS;769.0;10.0;767.0;12.0;761.0;22.0;777;5;786.0;22.0;792.0;12.0;773.0;0.0
4;7800;VOLCANIC_ROCK_VOUCHER_9500;442.0;12.0;;;;;443;12;;;;;442.5;-6.0
4;7800;DJEMBES;13378.0;61.0;;;;;13379;61;;;;;13378.5;0.0
4;7800;VOLCANIC_ROCK_VOUCHER_10500;0.0;12.0;;;;;2;12;;;;;1.0;-5.0
4;7800;PICNIC_BASKET2;30138.0;12.0;30137.0;26.0;;;30144;38;;;;;30141.0;0.0
4;7800;PICNIC_BASKET1;58337.0;12.0;58336.0;26.0;;;58348;12;58349.0;26.0;;;58342.5;0.0
4;7900;VOLCANIC_ROCK_VOUCHER_9500;441.0;18.0;;;;;442;18;;;;;441.5;-6.0
4;7900;RAINFOREST_RESIN;9992.0;34.0;;;;;10008;34;;;;;10000.0;0.0
4;7900;MAGNIFICENT_MACARONS;773.0;12.0;770.0;16.0;764.0;26.0;781;6;789.0;26.0;795.0;16.0;777.0;0.0
4;7900;VOLCANIC_ROCK_VOUCHER_9750;203.0;18.0;;;;;204;18;;;;;203.5;41.843994140625
4;7900;PICNIC_BASKET1;58338.0;2.0;58337.0;16.0;58336.0;18.0;58347;2;58348.0;16.0;58349.0;18.0;58342.5;0.0
4;7900;PICNIC_BASKET2;30142.0;36.0;;;;;30148;18;30149.0;18.0;;;30145.0;0.0
4;7900;VOLCANIC_ROCK_VOUCHER_10500;0.0;18.0;;;;;2;18;;;;;1.0;-5.0
4;7900;SQUID_INK;1936.0;28.0;;;;;1937;5;1939.0;28.0;;;1936.5;0.0
4;7900;CROISSANTS;4294.0;116.0;;;;;4295;116;;;;;4294.5;0.0
4;7900;DJEMBES;13378.0;18.0;13377.0;50.0;;;13379;68;;;;;13378.5;0.0
4;7900;KELP;2035.0;23.0;;;;;2038;28;;;;;2036.5;0.0
4;7900;JAMS;6452.0;63.0;6451.0;129.0;;;6453;63;6454.0;129.0;;;6452.5;0.0
4;7900;VOLCANIC_ROCK_VOUCHER_10000;41.0;18.0;;;;;42;18;;;;;41.5;129.0
4;7900;VOLCANIC_ROCK_VOUCHER_10250;3.0;18.0;;;;;4;18;;;;;3.5;-11.48004150390625
4;7900;VOLCANIC_ROCK;9940.0;129.0;9939.0;57.0;;;9941;129;9942.0;57.0;;;9940.5;0.0
4;8000;DJEMBES;13378.0;67.0;;;;;13379;67;;;;;13378.5;0.0
4;8000;VOLCANIC_ROCK;9936.0;103.0;9935.0;48.0;;;9938;151;;;;;9937.0;0.0
4;8000;VOLCANIC_ROCK_VOUCHER_10500;0.0;12.0;;;;;2;12;;;;;1.0;-5.0
4;8000;SQUID_INK;1937.0;4.0;1935.0;29.0;;;1939;29;;;;;1938.0;0.0
4;8000;KELP;2036.0;4.0;2035.0;1.0;2034.0;28.0;2038;29;;;;;2037.0;0.0
4;8000;JAMS;6452.0;173.0;;;;;6454;173;;;;;6453.0;0.0
4;8000;VOLCANIC_ROCK_VOUCHER_10000;41.0;12.0;;;;;42;12;;;;;41.5;129.0
4;8000;RAINFOREST_RESIN;9992.0;34.0;;;;;10003;2;10008.0;34.0;;;9997.5;0.0
4;8000;VOLCANIC_ROCK_VOUCHER_10250;3.0;12.0;;;;;4;12;;;;;3.5;-33.1400146484375
4;8000;CROISSANTS;4294.0;124.0;;;;;4295;61;4296.0;63.0;;;4294.5;0.0
4;8000;VOLCANIC_ROCK_VOUCHER_9750;196.0;12.0;;;;;197;12;;;;;196.5;79.29498291015625
4;8000;PICNIC_BASKET1;58334.0;12.0;58333.0;21.0;;;58344;12;58345.0;21.0;;;58339.0;0.0
4;8000;PICNIC_BASKET2;30144.0;1.0;30143.0;32.0;;;30149;12;30150.0;21.0;;;30146.5;0.0
4;8000;VOLCANIC_ROCK_VOUCHER_9500;437.0;12.0;;;;;438;12;;;;;437.5;-6.0
4;8000;MAGNIFICENT_MACARONS;771.0;18.0;769.0;11.0;763.0;28.0;779;9;788.0;28.0;794.0;11.0;775.0;0.0
4;8100;VOLCANIC_ROCK_VOUCHER_10250;3.0;16.0;;;;;4;16;;;;;3.5;-25.1400146484375
4;8100;VOLCANIC_ROCK_VOUCHER_9500;438.0;16.0;;;;;440;16;;;;;439.0;-6.0
4;8100;SQUID_INK;1936.0;29.0;;;;;1939;23;;;;;1937.5;0.0
4;8100;CROISSANTS;4294.0;100.0;;;;;4295;100;;;;;4294.5;0.0
4;8100;MAGNIFICENT_MACARONS;771.0;16.0;769.0;15.0;763.0;22.0;774;3;779.0;8.0;788.0;22.0;772.5;0.0
4;8100;VOLCANIC_ROCK_VOUCHER_9750;199.0;16.0;;;;;200;16;;;;;199.5;76.0
4;8100;PICNIC_BASKET1;58335.0;1.0;58334.0;15.0;58333.0;20.0;58344;1;58345.0;35.0;;;58339.5;0.0
4;8100;PICNIC_BASKET2;30143.0;36.0;;;;;30149;16;30150.0;20.0;;;30146.0;0.0
4;8100;VOLCANIC_ROCK;9937.0;189.0;;;;;9939;148;9940.0;41.0;;;9938.0;0.0
4;8100;VOLCANIC_ROCK_VOUCHER_10500;0.0;16.0;;;;;2;16;;;;;1.0;-5.0
4;8100;RAINFOREST_RESIN;9992.0;35.0;;;;;10000;2;10003.0;3.0;10008.0;35.0;9996.0;0.0
4;8100;DJEMBES;13377.0;60.0;;;;;13379;60;;;;;13378.0;0.0
4;8100;KELP;2034.0;29.0;;;;;2037;1;2038.0;22.0;;;2035.5;0.0
4;8100;JAMS;6452.0;246.0;;;;;6454;246;;;;;6453.0;0.0
4;8100;VOLCANIC_ROCK_VOUCHER_10000;37.0;16.0;;;;;38;16;;;;;37.5;144.61099243164062
4;8200;VOLCANIC_ROCK_VOUCHER_9750;198.0;19.0;;;;;199;19;;;;;198.5;76.0
4;8200;PICNIC_BASKET1;58331.0;1.0;58330.0;18.0;58329.0;20.0;58340;1;58341.0;18.0;58342.0;20.0;58335.5;0.0
4;8200;PICNIC_BASKET2;30143.0;19.0;30142.0;20.0;;;30149;39;;;;;30146.0;0.0
4;8200;VOLCANIC_ROCK_VOUCHER_9500;438.0;19.0;;;;;439;19;;;;;438.5;-6.0
4;8200;MAGNIFICENT_MACARONS;774.0;18.0;771.0;18.0;765.0;28.0;782;9;790.0;28.0;796.0;18.0;778.0;0.0
4;8200;RAINFOREST_RESIN;9992.0;35.0;;;;;10008;35;;;;;10000.0;0.0
4;8200;DJEMBES;13377.0;69.0;;;;;13379;69;;;;;13378.0;0.0
4;8200;VOLCANIC_ROCK_VOUCHER_10500;0.0;19.0;;;;;2;19;;;;;1.0;-5.0
4;8200;KELP;2036.0;1.0;2034.0;29.0;;;2037;29;;;;;2036.5;0.0
4;8200;CROISSANTS;4294.0;121.0;;;;;4295;121;;;;;4294.5;0.0
4;8200;JAMS;6452.0;79.0;6451.0;193.0;;;6453;79;6454.0;193.0;;;6452.5;0.0
4;8200;VOLCANIC_ROCK_VOUCHER_10000;37.0;19.0;;;;;38;19;;;;;37.5;144.0
4;8200;VOLCANIC_ROCK_VOUCHER_10250;3.0;19.0;;;;;4;19;;;;;3.5;-30.97998046875
4;8200;VOLCANIC_ROCK;9937.0;145.0;9936.0;61.0;;;9938;145;9939.0;61.0;;;9937.5;0.0
4;8200;SQUID_INK;1939.0;1.0;1937.0;29.0;;;1940;29;;;;;1939.5;0.0
4;8300;VOLCANIC_ROCK_VOUCHER_10500;0.0;16.0;;;;;2;16;;;;;1.0;-5.0
4;8300;SQUID_INK;1937.0;25.0;;;;;1940;25;;;;;1938.5;0.0
4;8300;DJEMBES;13377.0;65.0;;;;;13378;65;;;;;13377.5;0.0
4;8300;KELP;2034.0;25.0;;;;;2038;25;;;;;2036.0;0.0
4;8300;CROISSANTS;4294.0;136.0;;;;;4296;136;;;;;4295.0;0.0
4;8300;MAGNIFICENT_MACARONS;770.0;14.0;767.0;15.0;761.0;24.0;778;7;786.0;24.0;792.0;15.0;774.0;0.0
4;8300;JAMS;6452.0;254.0;;;;;6454;254;;;;;6453.0;0.0
4;8300;VOLCANIC_ROCK_VOUCHER_10000;36.0;16.0;;;;;37;16;;;;;36.5;144.0
4;8300;VOLCANIC_ROCK_VOUCHER_10250;3.0;16.0;;;;;4;16;;;;;3.5;-35.67999267578125
4;8300;VOLCANIC_ROCK;9936.0;107.0;9935.0;66.0;;;9937;107;9938.0;66.0;;;9936.5;0.0
4;8300;VOLCANIC_ROCK_VOUCHER_9500;437.0;16.0;;;;;438;16;;;;;437.5;-6.0
4;8300;RAINFOREST_RESIN;10003.0;9.0;9992.0;26.0;;;10008;26;;;;;10005.5;0.0
4;8300;VOLCANIC_ROCK_VOUCHER_9750;196.0;16.0;;;;;197;16;;;;;196.5;76.0
4;8300;PICNIC_BASKET1;58332.0;1.0;58331.0;15.0;58330.0;17.0;58341;1;58342.0;15.0;58343.0;17.0;58336.5;0.0
4;8300;PICNIC_BASKET2;30146.0;16.0;30145.0;17.0;;;30151;1;30152.0;32.0;;;30148.5;0.0
4;8400;CROISSANTS;4294.0;125.0;;;;;4295;50;4296.0;75.0;;;4294.5;0.0
4;8400;VOLCANIC_ROCK_VOUCHER_9750;198.0;18.0;;;;;199;18;;;;;198.5;76.0
4;8400;PICNIC_BASKET1;58330.0;18.0;58329.0;27.0;;;58341;45;;;;;58335.5;0.0
4;8400;PICNIC_BASKET2;30142.0;45.0;;;;;30148;18;30149.0;27.0;;;30145.0;0.0
4;8400;VOLCANIC_ROCK_VOUCHER_9500;437.0;18.0;;;;;438;18;;;;;437.5;-6.0
4;8400;DJEMBES;13377.0;69.0;;;;;13378;69;;;;;13377.5;0.0
4;8400;MAGNIFICENT_MACARONS;770.0;10.0;767.0;18.0;761.0;27.0;778;5;786.0;27.0;792.0;18.0;774.0;0.0
4;8400;VOLCANIC_ROCK;9936.0;140.0;9935.0;48.0;;;9938;188;;;;;9937.0;0.0
4;8400;VOLCANIC_ROCK_VOUCHER_10500;0.0;18.0;;;;;2;18;;;;;1.0;-5.0
4;8400;SQUID_INK;1939.0;27.0;;;;;1940;1;1943.0;27.0;;;1939.5;0.0
4;8400;JAMS;6451.0;214.0;;;;;6453;214;;;;;6452.0;0.0
4;8400;VOLCANIC_ROCK_VOUCHER_10000;37.0;18.0;;;;;38;18;;;;;37.5;144.0
4;8400;KELP;2034.0;26.0;;;;;2037;27;;;;;2035.5;0.0
4;8400;RAINFOREST_RESIN;9992.0;25.0;;;;;10008;25;;;;;10000.0;0.0
4;8400;VOLCANIC_ROCK_VOUCHER_10250;3.0;18.0;;;;;4;18;;;;;3.5;-31.79998779296875
4;8500;VOLCANIC_ROCK_VOUCHER_9750;198.0;13.0;;;;;199;13;;;;;198.5;75.36651611328125
4;8500;PICNIC_BASKET1;58334.0;1.0;58333.0;35.0;;;58343;1;58344.0;12.0;58345.0;23.0;58338.5;0.0
4;8500;PICNIC_BASKET2;30143.0;13.0;30142.0;23.0;;;30149;36;;;;;30146.0;0.0
4;8500;VOLCANIC_ROCK;9936.0;111.0;9935.0;58.0;;;9938;169;;;;;9937.0;0.0
4;8500;VOLCANIC_ROCK_VOUCHER_10500;0.0;13.0;;;;;2;13;;;;;1.0;-5.0
4;8500;RAINFOREST_RESIN;9992.0;25.0;;;;;10008;25;;;;;10000.0;0.0
4;8500;DJEMBES;13377.0;54.0;;;;;13378;54;;;;;13377.5;0.0
4;8500;JAMS;6452.0;4.0;6451.0;247.0;;;6453;247;;;;;6452.5;0.0
4;8500;VOLCANIC_ROCK_VOUCHER_10000;38.0;13.0;;;;;39;13;;;;;38.5;144.0
4;8500;KELP;2034.0;22.0;;;;;2037;1;2038.0;21.0;;;2035.5;0.0
4;8500;VOLCANIC_ROCK_VOUCHER_10250;3.0;13.0;;;;;4;13;;;;;3.5;-33.280029296875
4;8500;SQUID_INK;1940.0;22.0;;;;;1943;22;;;;;1941.5;0.0
4;8500;VOLCANIC_ROCK_VOUCHER_9500;437.0;13.0;;;;;438;13;;;;;437.5;-6.0
4;8500;CROISSANTS;4294.0;140.0;;;;;4295;62;4296.0;78.0;;;4294.5;0.0
4;8500;MAGNIFICENT_MACARONS;768.0;14.0;765.0;12.0;759.0;21.0;776;7;784.0;21.0;790.0;12.0;772.0;0.0
4;8600;SQUID_INK;1941.0;25.0;;;;;1944;24;;;;;1942.5;0.0
4;8600;CROISSANTS;4294.0;106.0;;;;;4296;106;;;;;4295.0;0.0
4;8600;JAMS;6451.0;262.0;;;;;6453;262;;;;;6452.0;0.0
4;8600;VOLCANIC_ROCK_VOUCHER_10000;42.0;33.0;;;;;43;13;;;;;42.5;144.0
4;8600;KELP;2034.0;25.0;;;;;2037;24;;;;;2035.5;0.0
4;8600;VOLCANIC_ROCK_VOUCHER_10250;3.0;33.0;;;;;4;13;;;;;3.5;-28.05999755859375
4;8600;MAGNIFICENT_MACARONS;768.0;20.0;766.0;13.0;760.0;24.0;776;10;785.0;24.0;791.0;13.0;772.0;0.0
4;8600;VOLCANIC_ROCK;9937.0;151.0;9936.0;43.0;;;9938;142;9939.0;43.0;;;9937.5;0.0
4;8600;VOLCANIC_ROCK_VOUCHER_9750;200.0;33.0;;;;;201;13;;;;;200.5;65.8079833984375
4;8600;PICNIC_BASKET1;58336.0;13.0;58335.0;23.0;;;58347;13;58348.0;23.0;;;58341.5;0.0
4;8600;PICNIC_BASKET2;30144.0;36.0;;;;;30150;13;30151.0;23.0;;;30147.0;0.0
4;8600;VOLCANIC_ROCK_VOUCHER_9500;438.0;33.0;;;;;439;13;;;;;438.5;-6.0
4;8600;RAINFOREST_RESIN;9992.0;35.0;;;;;10008;35;;;;;10000.0;0.0
4;8600;DJEMBES;13377.0;68.0;;;;;13379;68;;;;;13378.0;0.0
4;8600;VOLCANIC_ROCK_VOUCHER_10500;1.0;20.0;0.0;13.0;;;2;13;;;;;1.5;-5.0
4;8700;VOLCANIC_ROCK_VOUCHER_9500;437.0;15.0;;;;;438;15;;;;;437.5;-6.0
4;8700;RAINFOREST_RESIN;9997.0;6.0;9992.0;29.0;;;9999;1;10008.0;29.0;;;9998.0;0.0
4;8700;VOLCANIC_ROCK_VOUCHER_9750;199.0;15.0;;;;;200;15;;;;;199.5;70.87249755859375
4;8700;PICNIC_BASKET1;58341.0;15.0;58340.0;16.0;;;58352;15;58353.0;16.0;;;58346.5;0.0
4;8700;PICNIC_BASKET2;30151.0;15.0;30150.0;16.0;;;30157;31;;;;;30154.0;0.0
4;8700;VOLCANIC_ROCK_VOUCHER_10500;0.0;15.0;;;;;2;15;;;;;1.0;-5.0
4;8700;DJEMBES;13377.0;66.0;;;;;13379;66;;;;;13378.0;0.0
4;8700;CROISSANTS;4295.0;124.0;;;;;4297;124;;;;;4296.0;0.0
4;8700;MAGNIFICENT_MACARONS;770.0;16.0;767.0;15.0;761.0;20.0;778;8;786.0;20.0;792.0;15.0;774.0;0.0
4;8700;JAMS;6452.0;88.0;6451.0;188.0;;;6453;88;6454.0;188.0;;;6452.5;0.0
4;8700;VOLCANIC_ROCK_VOUCHER_10000;37.0;15.0;;;;;38;15;;;;;37.5;144.0
4;8700;KELP;2034.0;20.0;;;;;2037;20;;;;;2035.5;0.0
4;8700;VOLCANIC_ROCK_VOUCHER_10250;3.0;15.0;;;;;4;15;;;;;3.5;-37.44000244140625
4;8700;SQUID_INK;1942.0;20.0;;;;;1946;20;;;;;1944.0;0.0
4;8700;VOLCANIC_ROCK;9935.0;193.0;;;;;9937;115;9938.0;78.0;;;9936.0;0.0
4;8800;DJEMBES;13378.0;66.0;;;;;13379;66;;;;;13378.5;0.0
4;8800;MAGNIFICENT_MACARONS;774.0;10.0;771.0;14.0;765.0;24.0;782;5;790.0;24.0;796.0;14.0;778.0;0.0
4;8800;VOLCANIC_ROCK;9935.0;114.0;9934.0;42.0;;;9936;114;9937.0;42.0;;;9935.5;0.0
4;8800;VOLCANIC_ROCK_VOUCHER_10500;0.0;14.0;;;;;2;14;;;;;1.0;-5.0
4;8800;SQUID_INK;1942.0;24.0;;;;;1945;24;;;;;1943.5;0.0
4;8800;JAMS;6451.0;237.0;;;;;6453;237;;;;;6452.0;0.0
4;8800;VOLCANIC_ROCK_VOUCHER_10000;35.0;14.0;;;;;36;14;;;;;35.5;144.0
4;8800;KELP;2034.0;24.0;;;;;2037;24;;;;;2035.5;0.0
4;8800;RAINFOREST_RESIN;9992.0;35.0;;;;;10008;35;;;;;10000.0;0.0
4;8800;VOLCANIC_ROCK_VOUCHER_10250;3.0;14.0;;;;;4;14;;;;;3.5;-41.97998046875
4;8800;CROISSANTS;4295.0;123.0;;;;;4296;52;4297.0;71.0;;;4295.5;0.0
4;8800;VOLCANIC_ROCK_VOUCHER_9750;196.0;14.0;;;;;197;14;;;;;196.5;81.43701171875
4;8800;PICNIC_BASKET1;58337.0;14.0;58336.0;16.0;;;58348;14;58349.0;16.0;;;58342.5;0.0
4;8800;PICNIC_BASKET2;30151.0;14.0;30150.0;16.0;;;30157;30;;;;;30154.0;0.0
4;8800;VOLCANIC_ROCK_VOUCHER_9500;436.0;14.0;;;;;437;14;;;;;436.5;-6.0
4;8900;VOLCANIC_ROCK_VOUCHER_10250;3.0;3.0;;;;;4;13;;;;;3.5;-65.05999755859375
4;8900;SQUID_INK;1939.0;26.0;;;;;1941;8;1942.0;26.0;;;1940.0;0.0
4;8900;VOLCANIC_ROCK_VOUCHER_9500;432.0;3.0;;;;;433;13;;;;;432.5;-6.0
4;8900;CROISSANTS;4295.0;128.0;;;;;4296;64;4297.0;64.0;;;4295.5;0.0
4;8900;MAGNIFICENT_MACARONS;776.0;18.0;774.0;12.0;768.0;25.0;784;9;793.0;25.0;799.0;12.0;780.0;0.0
4;8900;VOLCANIC_ROCK_VOUCHER_9750;195.0;3.0;;;;;196;13;;;;;195.5;88.1920166015625
4;8900;PICNIC_BASKET1;58338.0;1.0;58337.0;12.0;58336.0;28.0;58347;1;58348.0;12.0;58349.0;28.0;58342.5;0.0
4;8900;PICNIC_BASKET2;30152.0;1.0;30151.0;40.0;;;30157;13;30158.0;28.0;;;30154.5;0.0
4;8900;VOLCANIC_ROCK;9931.0;227.0;;;;;9933;147;9934.0;80.0;;;9932.0;0.0
4;8900;VOLCANIC_ROCK_VOUCHER_10500;0.0;13.0;;;;;1;10;2.0;13.0;;;0.5;-5.0
4;8900;RAINFOREST_RESIN;9992.0;27.0;;;;;10008;27;;;;;10000.0;0.0
4;8900;JAMS;6451.0;215.0;;;;;6453;215;;;;;6452.0;0.0
4;8900;VOLCANIC_ROCK_VOUCHER_10000;37.0;3.0;;;;;38;13;;;;;37.5;144.0
4;8900;DJEMBES;13378.0;75.0;;;;;13379;75;;;;;13378.5;0.0
4;8900;KELP;2034.0;26.0;;;;;2036;8;2037.0;26.0;;;2035.0;0.0
4;9000;VOLCANIC_ROCK_VOUCHER_9750;194.0;15.0;;;;;195;15;;;;;194.5;94.4649658203125
4;9000;PICNIC_BASKET1;58337.0;1.0;58336.0;14.0;58335.0;23.0;58346;1;58347.0;14.0;58348.0;23.0;58341.5;0.0
4;9000;PICNIC_BASKET2;30150.0;1.0;30149.0;37.0;;;30155;15;30156.0;23.0;;;30152.5;0.0
4;9000;VOLCANIC_ROCK_VOUCHER_9500;432.0;15.0;;;;;433;15;;;;;432.5;-6.0
4;9000;RAINFOREST_RESIN;9992.0;33.0;;;;;10008;33;;;;;10000.0;0.0
4;9000;DJEMBES;13377.0;66.0;;;;;13378;23;13379.0;43.0;;;13377.5;0.0
4;9000;VOLCANIC_ROCK_VOUCHER_10500;0.0;15.0;;;;;2;15;;;;;1.0;-5.0
4;9000;SQUID_INK;1940.0;29.0;;;;;1943;28;;;;;1941.5;0.0
4;9000;CROISSANTS;4295.0;99.0;;;;;4296;37;4297.0;62.0;;;4295.5;0.0
4;9000;VOLCANIC_ROCK_VOUCHER_10000;39.0;15.0;;;;;40;15;;;;;39.5;144.0
4;9000;JAMS;6451.0;217.0;;;;;6453;217;;;;;6452.0;0.0
4;9000;KELP;2034.0;29.0;;;;;2037;28;;;;;2035.5;0.0
4;9000;VOLCANIC_ROCK_VOUCHER_10250;3.0;15.0;;;;;4;15;;;;;3.5;-64.55999755859375
4;9000;MAGNIFICENT_MACARONS;777.0;9.0;773.0;20.0;771.0;14.0;781;10;790.0;27.0;796.0;14.0;779.0;0.0
4;9000;VOLCANIC_ROCK;9931.0;114.0;9930.0;46.0;;;9932;114;9933.0;46.0;;;9931.5;0.0
4;9100;VOLCANIC_ROCK;9930.0;100.0;9929.0;60.0;;;9932;160;;;;;9931.0;0.0
4;9100;VOLCANIC_ROCK_VOUCHER_10500;0.0;11.0;;;;;2;11;;;;;1.0;-5.0
4;9100;VOLCANIC_ROCK_VOUCHER_10000;39.0;11.0;;;;;40;11;;;;;39.5;144.0
4;9100;MAGNIFICENT_MACARONS;773.0;10.0;770.0;11.0;764.0;24.0;781;5;790.0;24.0;796.0;11.0;777.0;0.0
4;9100;CROISSANTS;4295.0;109.0;;;;;4296;42;4297.0;67.0;;;4295.5;0.0
4;9100;JAMS;6451.0;239.0;;;;;6453;239;;;;;6452.0;0.0
4;9100;DJEMBES;13378.0;18.0;13377.0;31.0;;;13379;49;;;;;13378.5;0.0
4;9100;KELP;2034.0;24.0;;;;;2037;24;;;;;2035.5;0.0
4;9100;VOLCANIC_ROCK_VOUCHER_10250;3.0;11.0;;;;;4;11;;;;;3.5;-67.47998046875
4;9100;SQUID_INK;1939.0;24.0;;;;;1943;24;;;;;1941.0;0.0
4;9100;VOLCANIC_ROCK_VOUCHER_9500;431.0;11.0;;;;;432;11;;;;;431.5;-6.0
4;9100;RAINFOREST_RESIN;9992.0;30.0;;;;;10008;30;;;;;10000.0;0.0
4;9100;VOLCANIC_ROCK_VOUCHER_9750;191.0;11.0;;;;;192;11;;;;;191.5;106.363037109375
4;9100;PICNIC_BASKET1;58336.0;11.0;58335.0;18.0;;;58341;5;58347.0;11.0;58348.0;18.0;58338.5;0.0
4;9100;PICNIC_BASKET2;30146.0;29.0;;;;;30149;5;30152.0;11.0;30153.0;18.0;30147.5;0.0
4;9200;VOLCANIC_ROCK_VOUCHER_9750;193.0;14.0;;;;;194;14;;;;;193.5;96.14501953125
