timestamp,buyer,seller,symbol,currency,price,quantity
0,SUBMISSION,Camilla,VOLCANIC_ROCK_VOUCHER_10250,SEASHELLS,3,5
0,Camilla,SUBMISSION,VOLCANIC_ROCK_VOUCHER_9750,SEASHELLS,186,5
100,SUBMISSION,Camilla,VOLCANIC_ROCK_VOUCHER_10250,SEASHELLS,3,5
100,Camilla,SUBMISSION,VOLCANIC_ROCK_VOUCHER_9750,SEASHELLS,184,5
200,SUBMISSION,Camilla,VOLCANIC_ROCK_VOUCHER_10250,SEASHELLS,3,5
300,SUBMISSION,Camilla,VOLCANIC_ROCK_VOUCHER_10250,SEASHELLS,3,5
400,SUBMISSION,Camilla,VOLCANIC_ROCK_VOUCHER_10250,SEASHELLS,3,5
400,Camilla,SUBMISSION,VOLCANIC_ROCK_VOUCHER_9750,SEASHELLS,183,5
500,SUBMISSION,Camilla,VOLCANIC_ROCK_VOUCHER_10250,SEASHELLS,3,5
600,SUBMISSION,Camilla,VOLCANIC_ROCK_VOUCHER_10250,SEASHELLS,3,5
600,Camilla,SUBMISSION,VOLCANIC_ROCK_VOUCHER_9750,SEASHELLS,183,5
700,Camilla,SUBMISSION,VOLCANIC_ROCK_VOUCHER_10000,SEASHELLS,36,5
700,SUBMISSION,Camilla,VOLCANIC_ROCK_VOUCHER_10250,SEASHELLS,3,5
800,SUBMISSION,Camilla,VOLCANIC_ROCK_VOUCHER_10250,SEASHELLS,3,5
1000,SUBMISSION,Camilla,VOLCANIC_ROCK_VOUCHER_10250,SEASHELLS,3,5
1000,Camilla,SUBMISSION,VOLCANIC_ROCK_VOUCHER_9750,SEASHELLS,181,5
1100,Camilla,SUBMISSION,VOLCANIC_ROCK_VOUCHER_10000,SEASHELLS,33,5
1100,SUBMISSION,Camilla,VOLCANIC_ROCK_VOUCHER_10250,SEASHELLS,3,5
1100,SUBMISSION,Camilla,VOLCANIC_ROCK_VOUCHER_9750,SEASHELLS,182,15
1200,SUBMISSION,Camilla,VOLCANIC_ROCK_VOUCHER_10250,SEASHELLS,3,5
1300,Camilla,SUBMISSION,VOLCANIC_ROCK_VOUCHER_10000,SEASHELLS,33,5
1300,SUBMISSION,Camilla,VOLCANIC_ROCK_VOUCHER_10250,SEASHELLS,3,5
1300,SUBMISSION,Camilla,VOLCANIC_ROCK_VOUCHER_9750,SEASHELLS,181,10
1400,Camilla,SUBMISSION,VOLCANIC_ROCK_VOUCHER_10000,SEASHELLS,33,5
1400,SUBMISSION,Camilla,VOLCANIC_ROCK_VOUCHER_10250,SEASHELLS,3,5
1500,SUBMISSION,Camilla,VOLCANIC_ROCK_VOUCHER_10250,SEASHELLS,3,5
1500,Camilla,SUBMISSION,VOLCANIC_ROCK_VOUCHER_9750,SEASHELLS,183,5
1600,SUBMISSION,Camilla,VOLCANIC_ROCK_VOUCHER_10250,SEASHELLS,3,5
1700,SUBMISSION,Camilla,VOLCANIC_ROCK_VOUCHER_10000,SEASHELLS,34,18
1700,SUBMISSION,Caesar,VOLCANIC_ROCK_VOUCHER_10000,SEASHELLS,34,1
1800,SUBMISSION,Camilla,VOLCANIC_ROCK_VOUCHER_10000,SEASHELLS,35,1
1800,SUBMISSION,Camilla,VOLCANIC_ROCK_VOUCHER_10250,SEASHELLS,4,5
1800,Camilla,SUBMISSION,VOLCANIC_ROCK_VOUCHER_9750,SEASHELLS,187,5
1900,SUBMISSION,Camilla,VOLCANIC_ROCK_VOUCHER_9750,SEASHELLS,185,10
2300,Camilla,SUBMISSION,VOLCANIC_ROCK_VOUCHER_10000,SEASHELLS,41,5
2300,SUBMISSION,Camilla,VOLCANIC_ROCK_VOUCHER_10250,SEASHELLS,4,5
2400,SUBMISSION,Camilla,VOLCANIC_ROCK_VOUCHER_10000,SEASHELLS,35,5
2500,SUBMISSION,Camilla,VOLCANIC_ROCK_VOUCHER_10250,SEASHELLS,4,5
2500,Camilla,SUBMISSION,VOLCANIC_ROCK_VOUCHER_9750,SEASHELLS,188,5
2900,Camilla,SUBMISSION,VOLCANIC_ROCK_VOUCHER_10250,SEASHELLS,3,7
2900,Caesar,SUBMISSION,VOLCANIC_ROCK_VOUCHER_10250,SEASHELLS,3,2
3100,SUBMISSION,Camilla,VOLCANIC_ROCK_VOUCHER_10250,SEASHELLS,3,5
3100,Camilla,SUBMISSION,VOLCANIC_ROCK_VOUCHER_9750,SEASHELLS,183,5
3200,SUBMISSION,Camilla,VOLCANIC_ROCK_VOUCHER_10250,SEASHELLS,3,5
3300,SUBMISSION,Camilla,VOLCANIC_ROCK_VOUCHER_10250,SEASHELLS,3,5
3400,SUBMISSION,Camilla,VOLCANIC_ROCK_VOUCHER_10250,SEASHELLS,3,5
3400,Camilla,SUBMISSION,VOLCANIC_ROCK_VOUCHER_9750,SEASHELLS,182,5
3500,SUBMISSION,Camilla,VOLCANIC_ROCK_VOUCHER_10250,SEASHELLS,3,5
3500,Camilla,SUBMISSION,VOLCANIC_ROCK_VOUCHER_9750,SEASHELLS,184,5
3800,SUBMISSION,Caesar,VOLCANIC_ROCK_VOUCHER_10500,SEASHELLS,1,5
3800,SUBMISSION,Camilla,VOLCANIC_ROCK_VOUCHER_9750,SEASHELLS,186,17
3800,SUBMISSION,Caesar,VOLCANIC_ROCK_VOUCHER_9750,SEASHELLS,186,1
3900,SUBMISSION,Camilla,VOLCANIC_ROCK_VOUCHER_10250,SEASHELLS,4,5
4000,SUBMISSION,Camilla,VOLCANIC_ROCK_VOUCHER_10250,SEASHELLS,4,5
4100,SUBMISSION,Pablo,VOLCANIC_ROCK_VOUCHER_10250,SEASHELLS,3,3
4100,Camilla,SUBMISSION,VOLCANIC_ROCK_VOUCHER_10500,SEASHELLS,0,5
4100,SUBMISSION,Pablo,VOLCANIC_ROCK_VOUCHER_9500,SEASHELLS,428,3
4200,Camilla,SUBMISSION,VOLCANIC_ROCK_VOUCHER_9500,SEASHELLS,426,3
4300,SUBMISSION,Camilla,VOLCANIC_ROCK_VOUCHER_9750,SEASHELLS,188,2
4400,Camilla,SUBMISSION,VOLCANIC_ROCK_VOUCHER_10000,SEASHELLS,42,5
4400,SUBMISSION,Camilla,VOLCANIC_ROCK_VOUCHER_10250,SEASHELLS,4,5
4500,Camilla,SUBMISSION,VOLCANIC_ROCK_VOUCHER_10000,SEASHELLS,38,5
4500,SUBMISSION,Camilla,VOLCANIC_ROCK_VOUCHER_10250,SEASHELLS,4,5
4700,SUBMISSION,Camilla,VOLCANIC_ROCK_VOUCHER_10000,SEASHELLS,37,10
4900,SUBMISSION,Camilla,VOLCANIC_ROCK_VOUCHER_10250,SEASHELLS,4,5
5000,SUBMISSION,Camilla,VOLCANIC_ROCK_VOUCHER_10250,SEASHELLS,4,5
5000,Camilla,SUBMISSION,VOLCANIC_ROCK_VOUCHER_9750,SEASHELLS,196,5
5100,Camilla,SUBMISSION,VOLCANIC_ROCK_VOUCHER_10250,SEASHELLS,3,10
5100,Caesar,SUBMISSION,VOLCANIC_ROCK_VOUCHER_10250,SEASHELLS,3,2
5200,SUBMISSION,Camilla,VOLCANIC_ROCK_VOUCHER_10250,SEASHELLS,4,5
5200,Camilla,SUBMISSION,VOLCANIC_ROCK_VOUCHER_9750,SEASHELLS,197,5
5300,Camilla,SUBMISSION,VOLCANIC_ROCK_VOUCHER_9750,SEASHELLS,197,5
5400,SUBMISSION,Camilla,VOLCANIC_ROCK_VOUCHER_10250,SEASHELLS,4,5
5500,Camilla,SUBMISSION,VOLCANIC_ROCK_VOUCHER_10000,SEASHELLS,42,5
5500,SUBMISSION,Camilla,VOLCANIC_ROCK_VOUCHER_10250,SEASHELLS,4,5
5600,SUBMISSION,Camilla,VOLCANIC_ROCK_VOUCHER_10000,SEASHELLS,36,5
5700,SUBMISSION,Camilla,VOLCANIC_ROCK_VOUCHER_10250,SEASHELLS,4,5
5800,SUBMISSION,Camilla,VOLCANIC_ROCK_VOUCHER_10250,SEASHELLS,4,5
5900,SUBMISSION,Camilla,VOLCANIC_ROCK_VOUCHER_10250,SEASHELLS,4,5
6200,Camilla,SUBMISSION,VOLCANIC_ROCK_VOUCHER_10000,SEASHELLS,40,5
6200,SUBMISSION,Camilla,VOLCANIC_ROCK_VOUCHER_9750,SEASHELLS,196,15
6300,SUBMISSION,Camilla,VOLCANIC_ROCK_VOUCHER_10250,SEASHELLS,4,5
6400,SUBMISSION,Camilla,VOLCANIC_ROCK_VOUCHER_10000,SEASHELLS,39,5
6400,Camilla,SUBMISSION,VOLCANIC_ROCK_VOUCHER_10250,SEASHELLS,3,4
6400,Caesar,SUBMISSION,VOLCANIC_ROCK_VOUCHER_10250,SEASHELLS,3,1
6500,SUBMISSION,Camilla,VOLCANIC_ROCK_VOUCHER_10250,SEASHELLS,4,5
6600,SUBMISSION,Camilla,VOLCANIC_ROCK_VOUCHER_10250,SEASHELLS,4,5
6600,Camilla,SUBMISSION,VOLCANIC_ROCK_VOUCHER_9750,SEASHELLS,201,5
6700,SUBMISSION,Camilla,VOLCANIC_ROCK_VOUCHER_10250,SEASHELLS,4,5
7000,SUBMISSION,Camilla,VOLCANIC_ROCK_VOUCHER_10250,SEASHELLS,4,5
7100,SUBMISSION,Camilla,VOLCANIC_ROCK_VOUCHER_10250,SEASHELLS,4,5
7200,Camilla,SUBMISSION,VOLCANIC_ROCK_VOUCHER_10000,SEASHELLS,39,5
7200,SUBMISSION,Camilla,VOLCANIC_ROCK_VOUCHER_9750,SEASHELLS,199,5
7300,SUBMISSION,Camilla,VOLCANIC_ROCK_VOUCHER_10250,SEASHELLS,4,5
7400,Camilla,SUBMISSION,VOLCANIC_ROCK_VOUCHER_10000,SEASHELLS,42,5
7400,SUBMISSION,Camilla,VOLCANIC_ROCK_VOUCHER_10250,SEASHELLS,4,5
7500,Camilla,SUBMISSION,VOLCANIC_ROCK_VOUCHER_10000,SEASHELLS,48,5
7500,SUBMISSION,Camilla,VOLCANIC_ROCK_VOUCHER_10250,SEASHELLS,4,3
7600,SUBMISSION,Camilla,VOLCANIC_ROCK_VOUCHER_10000,SEASHELLS,41,15
7600,Camilla,SUBMISSION,VOLCANIC_ROCK_VOUCHER_9750,SEASHELLS,205,5
7700,Camilla,SUBMISSION,VOLCANIC_ROCK_VOUCHER_10000,SEASHELLS,42,5
7700,SUBMISSION,Camilla,VOLCANIC_ROCK_VOUCHER_9750,SEASHELLS,200,5
7800,SUBMISSION,Camilla,VOLCANIC_ROCK_VOUCHER_10000,SEASHELLS,40,5
7800,Camilla,SUBMISSION,VOLCANIC_ROCK_VOUCHER_9750,SEASHELLS,202,5
8000,Camilla,SUBMISSION,VOLCANIC_ROCK_VOUCHER_10000,SEASHELLS,41,5
8000,SUBMISSION,Camilla,VOLCANIC_ROCK_VOUCHER_9750,SEASHELLS,197,5
8100,SUBMISSION,Camilla,VOLCANIC_ROCK_VOUCHER_10000,SEASHELLS,38,5
8400,Camilla,SUBMISSION,VOLCANIC_ROCK_VOUCHER_9750,SEASHELLS,198,5
9100,Camilla,SUBMISSION,VOLCANIC_ROCK_VOUCHER_10000,SEASHELLS,39,5
9200,SUBMISSION,Camilla,VOLCANIC_ROCK_VOUCHER_10000,SEASHELLS,35,5
9200,Camilla,SUBMISSION,VOLCANIC_ROCK_VOUCHER_9750,SEASHELLS,193,5
9700,Camilla,SUBMISSION,VOLCANIC_ROCK_VOUCHER_10000,SEASHELLS,41,5
9700,SUBMISSION,Camilla,VOLCANIC_ROCK_VOUCHER_9750,SEASHELLS,191,10
9800,SUBMISSION,Camilla,VOLCANIC_ROCK_VOUCHER_10000,SEASHELLS,36,5
10000,SUBMISSION,Caesar,VOLCANIC_ROCK_VOUCHER_9500,SEASHELLS,430,4
10100,Camilla,SUBMISSION,VOLCANIC_ROCK_VOUCHER_9500,SEASHELLS,430,4
10300,Camilla,SUBMISSION,VOLCANIC_ROCK_VOUCHER_9750,SEASHELLS,191,5
10600,Camilla,SUBMISSION,VOLCANIC_ROCK_VOUCHER_9750,SEASHELLS,184,5
10700,Camilla,SUBMISSION,VOLCANIC_ROCK_VOUCHER_9750,SEASHELLS,183,5
11100,Camilla,SUBMISSION,VOLCANIC_ROCK_VOUCHER_9750,SEASHELLS,189,5
11300,Camilla,SUBMISSION,VOLCANIC_ROCK_VOUCHER_9750,SEASHELLS,188,5
11400,Camilla,SUBMISSION,VOLCANIC_ROCK_VOUCHER_9750,SEASHELLS,184,5
11600,Camilla,SUBMISSION,VOLCANIC_ROCK_VOUCHER_9750,SEASHELLS,182,5
11700,Camilla,SUBMISSION,VOLCANIC_ROCK_VOUCHER_9750,SEASHELLS,184,5
11800,Camilla,SUBMISSION,VOLCANIC_ROCK_VOUCHER_9750,SEASHELLS,184,5
12100,Caesar,SUBMISSION,VOLCANIC_ROCK_VOUCHER_9750,SEASHELLS,184,1
12200,Camilla,SUBMISSION,VOLCANIC_ROCK_VOUCHER_9750,SEASHELLS,184,5
12500,Camilla,SUBMISSION,VOLCANIC_ROCK_VOUCHER_9750,SEASHELLS,181,5
12600,Camilla,SUBMISSION,VOLCANIC_ROCK_VOUCHER_10000,SEASHELLS,33,5
12600,SUBMISSION,Camilla,VOLCANIC_ROCK_VOUCHER_9750,SEASHELLS,180,20
12600,SUBMISSION,Caesar,VOLCANIC_ROCK_VOUCHER_9750,SEASHELLS,180,2
12900,SUBMISSION,Camilla,VOLCANIC_ROCK_VOUCHER_10000,SEASHELLS,32,5
12900,Camilla,SUBMISSION,VOLCANIC_ROCK_VOUCHER_9750,SEASHELLS,184,5
13400,Camilla,SUBMISSION,VOLCANIC_ROCK_VOUCHER_9750,SEASHELLS,180,5
14000,Camilla,SUBMISSION,VOLCANIC_ROCK_VOUCHER_9750,SEASHELLS,175,5
14100,Camilla,SUBMISSION,VOLCANIC_ROCK_VOUCHER_9750,SEASHELLS,173,5
14200,Camilla,SUBMISSION,VOLCANIC_ROCK_VOUCHER_10000,SEASHELLS,32,5
14200,SUBMISSION,Camilla,VOLCANIC_ROCK_VOUCHER_9750,SEASHELLS,174,11
14400,SUBMISSION,Camilla,VOLCANIC_ROCK_VOUCHER_10000,SEASHELLS,29,5
14400,Camilla,SUBMISSION,VOLCANIC_ROCK_VOUCHER_9750,SEASHELLS,176,5
14500,Camilla,SUBMISSION,VOLCANIC_ROCK_VOUCHER_10000,SEASHELLS,32,5
14600,SUBMISSION,Camilla,VOLCANIC_ROCK_VOUCHER_9750,SEASHELLS,173,20
14600,SUBMISSION,Caesar,VOLCANIC_ROCK_VOUCHER_9750,SEASHELLS,173,1
14700,Caesar,SUBMISSION,VOLCANIC_ROCK_VOUCHER_9750,SEASHELLS,173,1
14900,Camilla,SUBMISSION,VOLCANIC_ROCK_VOUCHER_10000,SEASHELLS,32,5
15100,SUBMISSION,Camilla,VOLCANIC_ROCK_VOUCHER_10000,SEASHELLS,30,10
15100,Camilla,SUBMISSION,VOLCANIC_ROCK_VOUCHER_9750,SEASHELLS,176,5
15400,Camilla,SUBMISSION,VOLCANIC_ROCK_VOUCHER_9750,SEASHELLS,173,5
15500,Camilla,SUBMISSION,VOLCANIC_ROCK_VOUCHER_9750,SEASHELLS,172,5
15600,Camilla,SUBMISSION,VOLCANIC_ROCK_VOUCHER_9750,SEASHELLS,172,5
15700,Camilla,SUBMISSION,VOLCANIC_ROCK_VOUCHER_9750,SEASHELLS,173,5
15900,Camilla,SUBMISSION,VOLCANIC_ROCK_VOUCHER_10000,SEASHELLS,31,5
16100,Camilla,SUBMISSION,VOLCANIC_ROCK_VOUCHER_10000,SEASHELLS,30,5
16300,Camilla,SUBMISSION,VOLCANIC_ROCK_VOUCHER_9750,SEASHELLS,176,5
16500,SUBMISSION,Camilla,VOLCANIC_ROCK_VOUCHER_10000,SEASHELLS,27,10
16500,Camilla,SUBMISSION,VOLCANIC_ROCK_VOUCHER_9750,SEASHELLS,175,5
16600,Camilla,SUBMISSION,VOLCANIC_ROCK_VOUCHER_9750,SEASHELLS,179,5
17000,Camilla,SUBMISSION,VOLCANIC_ROCK_VOUCHER_10000,SEASHELLS,33,5
17100,Camilla,SUBMISSION,VOLCANIC_ROCK_VOUCHER_9750,SEASHELLS,178,5
17300,Camilla,SUBMISSION,VOLCANIC_ROCK_VOUCHER_9750,SEASHELLS,177,5
17400,Camilla,SUBMISSION,VOLCANIC_ROCK_VOUCHER_10000,SEASHELLS,32,5
17500,Camilla,SUBMISSION,VOLCANIC_ROCK_VOUCHER_9750,SEASHELLS,173,5
17700,Camilla,SUBMISSION,VOLCANIC_ROCK_VOUCHER_9750,SEASHELLS,174,5
17800,SUBMISSION,Camilla,VOLCANIC_ROCK_VOUCHER_10000,SEASHELLS,29,10
17800,Camilla,SUBMISSION,VOLCANIC_ROCK_VOUCHER_9750,SEASHELLS,174,5
18000,Camilla,SUBMISSION,VOLCANIC_ROCK_VOUCHER_9750,SEASHELLS,171,5
18200,Camilla,SUBMISSION,VOLCANIC_ROCK_VOUCHER_10000,SEASHELLS,32,5
18200,SUBMISSION,Camilla,VOLCANIC_ROCK_VOUCHER_9750,SEASHELLS,173,10
18200,SUBMISSION,Caesar,VOLCANIC_ROCK_VOUCHER_9750,SEASHELLS,173,2
18300,SUBMISSION,Camilla,VOLCANIC_ROCK_VOUCHER_10000,SEASHELLS,28,5
18300,Camilla,SUBMISSION,VOLCANIC_ROCK_VOUCHER_9750,SEASHELLS,176,5
18400,Camilla,SUBMISSION,VOLCANIC_ROCK_VOUCHER_10000,SEASHELLS,31,5
18600,Camilla,SUBMISSION,VOLCANIC_ROCK_VOUCHER_10000,SEASHELLS,31,5
18600,SUBMISSION,Camilla,VOLCANIC_ROCK_VOUCHER_9750,SEASHELLS,172,10
18700,Camilla,SUBMISSION,VOLCANIC_ROCK_VOUCHER_10000,SEASHELLS,33,5
18700,SUBMISSION,Camilla,VOLCANIC_ROCK_VOUCHER_9750,SEASHELLS,174,10
18800,Camilla,SUBMISSION,VOLCANIC_ROCK_VOUCHER_10000,SEASHELLS,32,5
18800,SUBMISSION,Camilla,VOLCANIC_ROCK_VOUCHER_9750,SEASHELLS,176,14
18800,SUBMISSION,Caesar,VOLCANIC_ROCK_VOUCHER_9750,SEASHELLS,176,2
18900,Camilla,SUBMISSION,VOLCANIC_ROCK_VOUCHER_10000,SEASHELLS,35,5
19200,Camilla,SUBMISSION,VOLCANIC_ROCK_VOUCHER_10000,SEASHELLS,33,5
19300,SUBMISSION,Camilla,VOLCANIC_ROCK_VOUCHER_10000,SEASHELLS,28,14
19300,SUBMISSION,Caesar,VOLCANIC_ROCK_VOUCHER_10000,SEASHELLS,28,1
19300,Camilla,SUBMISSION,VOLCANIC_ROCK_VOUCHER_9750,SEASHELLS,181,5
19500,Camilla,SUBMISSION,VOLCANIC_ROCK_VOUCHER_9750,SEASHELLS,178,5
19600,Camilla,SUBMISSION,VOLCANIC_ROCK_VOUCHER_10000,SEASHELLS,34,5
19800,Camilla,SUBMISSION,VOLCANIC_ROCK_VOUCHER_10000,SEASHELLS,36,5
19900,SUBMISSION,Camilla,VOLCANIC_ROCK_VOUCHER_10000,SEASHELLS,30,13
19900,SUBMISSION,Caesar,VOLCANIC_ROCK_VOUCHER_10000,SEASHELLS,30,1
20000,SUBMISSION,Camilla,VOLCANIC_ROCK_VOUCHER_10000,SEASHELLS,30,11
20000,Camilla,SUBMISSION,VOLCANIC_ROCK_VOUCHER_9750,SEASHELLS,178,5
20100,SUBMISSION,Pablo,VOLCANIC_ROCK_VOUCHER_9500,SEASHELLS,415,4
20200,Camilla,SUBMISSION,VOLCANIC_ROCK_VOUCHER_9500,SEASHELLS,415,4
20300,Camilla,SUBMISSION,VOLCANIC_ROCK_VOUCHER_10000,SEASHELLS,33,5
20500,Camilla,SUBMISSION,VOLCANIC_ROCK_VOUCHER_9750,SEASHELLS,180,5
20600,Camilla,SUBMISSION,VOLCANIC_ROCK_VOUCHER_10000,SEASHELLS,33,5
20700,Camilla,SUBMISSION,VOLCANIC_ROCK_VOUCHER_10000,SEASHELLS,32,5
20800,Camilla,SUBMISSION,VOLCANIC_ROCK_VOUCHER_9750,SEASHELLS,181,5
20900,Camilla,SUBMISSION,VOLCANIC_ROCK_VOUCHER_10000,SEASHELLS,34,5
21000,Camilla,SUBMISSION,VOLCANIC_ROCK_VOUCHER_10000,SEASHELLS,33,5
21200,SUBMISSION,Camilla,VOLCANIC_ROCK_VOUCHER_10000,SEASHELLS,29,10
21200,Camilla,SUBMISSION,VOLCANIC_ROCK_VOUCHER_9750,SEASHELLS,180,5
21500,Camilla,SUBMISSION,VOLCANIC_ROCK_VOUCHER_10000,SEASHELLS,32,5
21500,SUBMISSION,Camilla,VOLCANIC_ROCK_VOUCHER_9750,SEASHELLS,178,14
21600,Camilla,SUBMISSION,VOLCANIC_ROCK_VOUCHER_10000,SEASHELLS,35,5
22000,SUBMISSION,Camilla,VOLCANIC_ROCK_VOUCHER_10000,SEASHELLS,35,20
22000,SUBMISSION,Caesar,VOLCANIC_ROCK_VOUCHER_10000,SEASHELLS,35,1
22100,SUBMISSION,Camilla,VOLCANIC_ROCK_VOUCHER_10000,SEASHELLS,34,4
22100,Camilla,SUBMISSION,VOLCANIC_ROCK_VOUCHER_9750,SEASHELLS,192,5
22500,SUBMISSION,Camilla,VOLCANIC_ROCK_VOUCHER_9750,SEASHELLS,188,20
22700,SUBMISSION,Caesar,VOLCANIC_ROCK_VOUCHER_9500,SEASHELLS,429,5
22800,Camilla,SUBMISSION,VOLCANIC_ROCK_VOUCHER_9500,SEASHELLS,429,5
23100,Camilla,SUBMISSION,VOLCANIC_ROCK_VOUCHER_10000,SEASHELLS,37,5
23100,SUBMISSION,Camilla,VOLCANIC_ROCK_VOUCHER_9750,SEASHELLS,187,12
23200,SUBMISSION,Camilla,VOLCANIC_ROCK_VOUCHER_10000,SEASHELLS,33,5
23200,Camilla,SUBMISSION,VOLCANIC_ROCK_VOUCHER_9750,SEASHELLS,187,5
23300,Camilla,SUBMISSION,VOLCANIC_ROCK_VOUCHER_9750,SEASHELLS,188,5
23400,Camilla,SUBMISSION,VOLCANIC_ROCK_VOUCHER_9750,SEASHELLS,189,5
23600,Camilla,SUBMISSION,VOLCANIC_ROCK_VOUCHER_9750,SEASHELLS,191,5
23700,SUBMISSION,Camilla,VOLCANIC_ROCK_VOUCHER_9750,SEASHELLS,189,17
23700,SUBMISSION,Caesar,VOLCANIC_ROCK_VOUCHER_9750,SEASHELLS,189,1
23900,Camilla,SUBMISSION,VOLCANIC_ROCK_VOUCHER_10000,SEASHELLS,40,5
23900,SUBMISSION,Camilla,VOLCANIC_ROCK_VOUCHER_9750,SEASHELLS,189,19
23900,SUBMISSION,Caesar,VOLCANIC_ROCK_VOUCHER_9750,SEASHELLS,189,1
24300,SUBMISSION,Camilla,VOLCANIC_ROCK_VOUCHER_10000,SEASHELLS,34,5
24300,Camilla,SUBMISSION,VOLCANIC_ROCK_VOUCHER_9750,SEASHELLS,190,5
24500,SUBMISSION,Pablo,VOLCANIC_ROCK_VOUCHER_10000,SEASHELLS,35,4
24500,SUBMISSION,Pablo,VOLCANIC_ROCK_VOUCHER_10500,SEASHELLS,0,4
24500,SUBMISSION,Pablo,VOLCANIC_ROCK_VOUCHER_9750,SEASHELLS,189,4
24600,Camilla,SUBMISSION,VOLCANIC_ROCK_VOUCHER_10000,SEASHELLS,34,4
24800,Camilla,SUBMISSION,VOLCANIC_ROCK_VOUCHER_10000,SEASHELLS,37,5
24800,SUBMISSION,Camilla,VOLCANIC_ROCK_VOUCHER_9750,SEASHELLS,186,12
24900,Camilla,SUBMISSION,VOLCANIC_ROCK_VOUCHER_10000,SEASHELLS,38,5
24900,SUBMISSION,Camilla,VOLCANIC_ROCK_VOUCHER_9750,SEASHELLS,188,15
25000,Caesar,SUBMISSION,VOLCANIC_ROCK_VOUCHER_10500,SEASHELLS,1,4
25200,SUBMISSION,Camilla,VOLCANIC_ROCK_VOUCHER_10000,SEASHELLS,33,10
25200,Camilla,SUBMISSION,VOLCANIC_ROCK_VOUCHER_9750,SEASHELLS,189,5
25400,Camilla,SUBMISSION,VOLCANIC_ROCK_VOUCHER_9750,SEASHELLS,188,5
25600,SUBMISSION,Camilla,VOLCANIC_ROCK_VOUCHER_9750,SEASHELLS,187,10
25900,Camilla,SUBMISSION,VOLCANIC_ROCK_VOUCHER_10000,SEASHELLS,38,5
26000,Camilla,SUBMISSION,VOLCANIC_ROCK_VOUCHER_10000,SEASHELLS,37,5
26100,Camilla,SUBMISSION,VOLCANIC_ROCK_VOUCHER_10250,SEASHELLS,3,2
26300,SUBMISSION,Camilla,VOLCANIC_ROCK_VOUCHER_10000,SEASHELLS,32,5
26300,SUBMISSION,Camilla,VOLCANIC_ROCK_VOUCHER_10000,SEASHELLS,32,5
26300,Camilla,SUBMISSION,VOLCANIC_ROCK_VOUCHER_9750,SEASHELLS,191,5
26400,SUBMISSION,Camilla,VOLCANIC_ROCK_VOUCHER_10250,SEASHELLS,4,2
26900,SUBMISSION,Caesar,VOLCANIC_ROCK_VOUCHER_9500,SEASHELLS,423,1
27000,Camilla,SUBMISSION,VOLCANIC_ROCK_VOUCHER_9500,SEASHELLS,420,1
27700,Camilla,SUBMISSION,VOLCANIC_ROCK_VOUCHER_9750,SEASHELLS,177,5
27800,Camilla,SUBMISSION,VOLCANIC_ROCK_VOUCHER_9750,SEASHELLS,177,5
27900,Camilla,SUBMISSION,VOLCANIC_ROCK_VOUCHER_9750,SEASHELLS,178,5
28000,Camilla,SUBMISSION,VOLCANIC_ROCK_VOUCHER_9750,SEASHELLS,176,5
28200,Camilla,SUBMISSION,VOLCANIC_ROCK_VOUCHER_9750,SEASHELLS,174,5
28300,Camilla,SUBMISSION,VOLCANIC_ROCK_VOUCHER_9750,SEASHELLS,176,5
28400,Camilla,SUBMISSION,VOLCANIC_ROCK_VOUCHER_9750,SEASHELLS,176,5
28600,SUBMISSION,Caesar,VOLCANIC_ROCK_VOUCHER_10500,SEASHELLS,1,5
28600,SUBMISSION,Camilla,VOLCANIC_ROCK_VOUCHER_9750,SEASHELLS,171,5
28600,SUBMISSION,Camilla,VOLCANIC_ROCK_VOUCHER_9750,SEASHELLS,171,10
28600,SUBMISSION,Caesar,VOLCANIC_ROCK_VOUCHER_9750,SEASHELLS,171,2
28700,Caesar,SUBMISSION,VOLCANIC_ROCK_VOUCHER_10500,SEASHELLS,1,5
28700,SUBMISSION,Camilla,VOLCANIC_ROCK_VOUCHER_9750,SEASHELLS,172,16
28700,SUBMISSION,Caesar,VOLCANIC_ROCK_VOUCHER_9750,SEASHELLS,172,1
28800,Camilla,SUBMISSION,VOLCANIC_ROCK_VOUCHER_9750,SEASHELLS,174,5
29100,Camilla,SUBMISSION,VOLCANIC_ROCK_VOUCHER_9750,SEASHELLS,171,5
29400,Camilla,SUBMISSION,VOLCANIC_ROCK_VOUCHER_9750,SEASHELLS,165,5
29500,SUBMISSION,Caesar,VOLCANIC_ROCK_VOUCHER_9500,SEASHELLS,395,1
29500,SUBMISSION,Pablo,VOLCANIC_ROCK_VOUCHER_9500,SEASHELLS,395,4
29600,Camilla,SUBMISSION,VOLCANIC_ROCK_VOUCHER_9500,SEASHELLS,398,5
29800,Camilla,SUBMISSION,VOLCANIC_ROCK_VOUCHER_10000,SEASHELLS,29,5
29900,SUBMISSION,Camilla,VOLCANIC_ROCK_VOUCHER_10000,SEASHELLS,30,5
29900,Camilla,SUBMISSION,VOLCANIC_ROCK_VOUCHER_9750,SEASHELLS,171,5
30100,Camilla,SUBMISSION,VOLCANIC_ROCK_VOUCHER_9750,SEASHELLS,166,5
30200,Camilla,SUBMISSION,VOLCANIC_ROCK_VOUCHER_9750,SEASHELLS,167,5
30400,Camilla,SUBMISSION,VOLCANIC_ROCK_VOUCHER_9750,SEASHELLS,170,5
31000,Camilla,SUBMISSION,VOLCANIC_ROCK_VOUCHER_9750,SEASHELLS,170,5
31200,Camilla,SUBMISSION,VOLCANIC_ROCK_VOUCHER_9750,SEASHELLS,169,5
31300,Camilla,SUBMISSION,VOLCANIC_ROCK_VOUCHER_9750,SEASHELLS,170,5
31400,SUBMISSION,Camilla,VOLCANIC_ROCK_VOUCHER_9750,SEASHELLS,168,16
31400,SUBMISSION,Caesar,VOLCANIC_ROCK_VOUCHER_9750,SEASHELLS,168,2
31700,Camilla,SUBMISSION,VOLCANIC_ROCK_VOUCHER_9750,SEASHELLS,171,5
31800,Camilla,SUBMISSION,VOLCANIC_ROCK_VOUCHER_9750,SEASHELLS,169,5
32000,Camilla,SUBMISSION,VOLCANIC_ROCK_VOUCHER_10000,SEASHELLS,28,5
32000,SUBMISSION,Camilla,VOLCANIC_ROCK_VOUCHER_9750,SEASHELLS,166,16
32400,Camilla,SUBMISSION,VOLCANIC_ROCK_VOUCHER_10000,SEASHELLS,31,5
32500,SUBMISSION,Camilla,VOLCANIC_ROCK_VOUCHER_10000,SEASHELLS,27,10
32500,Camilla,SUBMISSION,VOLCANIC_ROCK_VOUCHER_9750,SEASHELLS,167,5
32600,SUBMISSION,Camilla,VOLCANIC_ROCK_VOUCHER_9750,SEASHELLS,164,13
33000,Camilla,SUBMISSION,VOLCANIC_ROCK_VOUCHER_10000,SEASHELLS,29,5
33000,SUBMISSION,Camilla,VOLCANIC_ROCK_VOUCHER_9750,SEASHELLS,166,13
33000,SUBMISSION,Caesar,VOLCANIC_ROCK_VOUCHER_9750,SEASHELLS,166,1
33100,Camilla,SUBMISSION,VOLCANIC_ROCK_VOUCHER_9750,SEASHELLS,168,5
33200,SUBMISSION,Camilla,VOLCANIC_ROCK_VOUCHER_10000,SEASHELLS,28,5
33200,Camilla,SUBMISSION,VOLCANIC_ROCK_VOUCHER_9750,SEASHELLS,168,5
33300,Camilla,SUBMISSION,VOLCANIC_ROCK_VOUCHER_10000,SEASHELLS,32,5
33300,SUBMISSION,Camilla,VOLCANIC_ROCK_VOUCHER_9750,SEASHELLS,170,17
33300,SUBMISSION,Caesar,VOLCANIC_ROCK_VOUCHER_9750,SEASHELLS,170,2
33600,Camilla,SUBMISSION,VOLCANIC_ROCK_VOUCHER_10000,SEASHELLS,30,5
33600,SUBMISSION,Camilla,VOLCANIC_ROCK_VOUCHER_9750,SEASHELLS,166,1
33700,Camilla,SUBMISSION,VOLCANIC_ROCK_VOUCHER_9750,SEASHELLS,165,5
33900,SUBMISSION,Camilla,VOLCANIC_ROCK_VOUCHER_10000,SEASHELLS,26,10
33900,Camilla,SUBMISSION,VOLCANIC_ROCK_VOUCHER_9750,SEASHELLS,164,5
34600,Camilla,SUBMISSION,VOLCANIC_ROCK_VOUCHER_10000,SEASHELLS,29,5
34600,SUBMISSION,Camilla,VOLCANIC_ROCK_VOUCHER_9750,SEASHELLS,164,10
34700,SUBMISSION,Camilla,VOLCANIC_ROCK_VOUCHER_10000,SEASHELLS,25,5
34700,Camilla,SUBMISSION,VOLCANIC_ROCK_VOUCHER_9750,SEASHELLS,164,5
34900,SUBMISSION,Camilla,VOLCANIC_ROCK_VOUCHER_9750,SEASHELLS,164,5
35000,Camilla,SUBMISSION,VOLCANIC_ROCK_VOUCHER_9750,SEASHELLS,167,5
35100,Camilla,SUBMISSION,VOLCANIC_ROCK_VOUCHER_10000,SEASHELLS,32,5
35300,Camilla,SUBMISSION,VOLCANIC_ROCK_VOUCHER_9750,SEASHELLS,176,5
35600,SUBMISSION,Caesar,VOLCANIC_ROCK_VOUCHER_9500,SEASHELLS,408,1
35700,Camilla,SUBMISSION,VOLCANIC_ROCK_VOUCHER_10000,SEASHELLS,31,5
35700,Camilla,SUBMISSION,VOLCANIC_ROCK_VOUCHER_9500,SEASHELLS,405,1
36400,Camilla,SUBMISSION,VOLCANIC_ROCK_VOUCHER_10000,SEASHELLS,34,5
36500,Camilla,SUBMISSION,VOLCANIC_ROCK_VOUCHER_10000,SEASHELLS,33,5
36700,Camilla,SUBMISSION,VOLCANIC_ROCK_VOUCHER_10000,SEASHELLS,36,5
36800,Camilla,SUBMISSION,VOLCANIC_ROCK_VOUCHER_10000,SEASHELLS,34,5
36900,Camilla,SUBMISSION,VOLCANIC_ROCK_VOUCHER_9750,SEASHELLS,182,5
37000,Camilla,SUBMISSION,VOLCANIC_ROCK_VOUCHER_10000,SEASHELLS,34,5
37200,Camilla,SUBMISSION,VOLCANIC_ROCK_VOUCHER_9750,SEASHELLS,183,5
37300,Camilla,SUBMISSION,VOLCANIC_ROCK_VOUCHER_9750,SEASHELLS,183,5
37400,Camilla,SUBMISSION,VOLCANIC_ROCK_VOUCHER_9750,SEASHELLS,183,5
37500,Camilla,SUBMISSION,VOLCANIC_ROCK_VOUCHER_10000,SEASHELLS,36,5
37500,SUBMISSION,Camilla,VOLCANIC_ROCK_VOUCHER_9750,SEASHELLS,179,14
37600,Camilla,SUBMISSION,VOLCANIC_ROCK_VOUCHER_10000,SEASHELLS,35,5
38000,SUBMISSION,Camilla,VOLCANIC_ROCK_VOUCHER_10000,SEASHELLS,31,19
38000,SUBMISSION,Caesar,VOLCANIC_ROCK_VOUCHER_10000,SEASHELLS,31,2
38000,Camilla,SUBMISSION,VOLCANIC_ROCK_VOUCHER_9750,SEASHELLS,184,5
38100,SUBMISSION,Camilla,VOLCANIC_ROCK_VOUCHER_10000,SEASHELLS,31,12
38100,SUBMISSION,Caesar,VOLCANIC_ROCK_VOUCHER_10000,SEASHELLS,31,1
38100,Camilla,SUBMISSION,VOLCANIC_ROCK_VOUCHER_9750,SEASHELLS,184,5
38200,Camilla,SUBMISSION,VOLCANIC_ROCK_VOUCHER_9750,SEASHELLS,185,5
38400,SUBMISSION,Camilla,VOLCANIC_ROCK_VOUCHER_10000,SEASHELLS,34,11
38400,Camilla,SUBMISSION,VOLCANIC_ROCK_VOUCHER_9750,SEASHELLS,189,5
39200,Camilla,SUBMISSION,VOLCANIC_ROCK_VOUCHER_10000,SEASHELLS,39,5
39200,SUBMISSION,Camilla,VOLCANIC_ROCK_VOUCHER_9750,SEASHELLS,191,15
39200,SUBMISSION,Caesar,VOLCANIC_ROCK_VOUCHER_9750,SEASHELLS,191,1
39400,Camilla,SUBMISSION,VOLCANIC_ROCK_VOUCHER_10000,SEASHELLS,40,5
39400,SUBMISSION,Camilla,VOLCANIC_ROCK_VOUCHER_9750,SEASHELLS,191,11
39500,SUBMISSION,Camilla,VOLCANIC_ROCK_VOUCHER_9750,SEASHELLS,190,9
39700,SUBMISSION,Camilla,VOLCANIC_ROCK_VOUCHER_10000,SEASHELLS,37,10
39700,Camilla,SUBMISSION,VOLCANIC_ROCK_VOUCHER_10250,SEASHELLS,3,10
39700,Caesar,SUBMISSION,VOLCANIC_ROCK_VOUCHER_10250,SEASHELLS,3,1
39800,Camilla,SUBMISSION,VOLCANIC_ROCK_VOUCHER_10000,SEASHELLS,38,5
39800,SUBMISSION,Camilla,VOLCANIC_ROCK_VOUCHER_10250,SEASHELLS,4,5
39900,SUBMISSION,Camilla,VOLCANIC_ROCK_VOUCHER_10000,SEASHELLS,35,5
40000,Camilla,SUBMISSION,VOLCANIC_ROCK_VOUCHER_10000,SEASHELLS,39,5
40000,SUBMISSION,Camilla,VOLCANIC_ROCK_VOUCHER_10250,SEASHELLS,4,5
40100,SUBMISSION,Camilla,VOLCANIC_ROCK_VOUCHER_10250,SEASHELLS,4,1
40200,SUBMISSION,Camilla,VOLCANIC_ROCK_VOUCHER_10000,SEASHELLS,36,5
40300,Camilla,SUBMISSION,VOLCANIC_ROCK_VOUCHER_10250,SEASHELLS,3,7
40500,Camilla,SUBMISSION,VOLCANIC_ROCK_VOUCHER_10000,SEASHELLS,38,5
40700,SUBMISSION,Camilla,VOLCANIC_ROCK_VOUCHER_10000,SEASHELLS,36,5
40700,SUBMISSION,Camilla,VOLCANIC_ROCK_VOUCHER_10250,SEASHELLS,4,5
40700,SUBMISSION,Camilla,VOLCANIC_ROCK_VOUCHER_9500,SEASHELLS,428,5
40800,SUBMISSION,Camilla,VOLCANIC_ROCK_VOUCHER_10250,SEASHELLS,4,2
40900,Camilla,SUBMISSION,VOLCANIC_ROCK_VOUCHER_9750,SEASHELLS,192,5
41000,Camilla,SUBMISSION,VOLCANIC_ROCK_VOUCHER_9500,SEASHELLS,428,5
41100,Camilla,SUBMISSION,VOLCANIC_ROCK_VOUCHER_9750,SEASHELLS,191,5
41300,Camilla,SUBMISSION,VOLCANIC_ROCK_VOUCHER_9750,SEASHELLS,193,5
41400,Camilla,SUBMISSION,VOLCANIC_ROCK_VOUCHER_9750,SEASHELLS,196,5
41500,Camilla,SUBMISSION,VOLCANIC_ROCK_VOUCHER_9750,SEASHELLS,195,5
41900,Camilla,SUBMISSION,VOLCANIC_ROCK_VOUCHER_9750,SEASHELLS,198,5
42100,SUBMISSION,Camilla,VOLCANIC_ROCK_VOUCHER_9750,SEASHELLS,197,15
42300,Camilla,SUBMISSION,VOLCANIC_ROCK_VOUCHER_9750,SEASHELLS,200,5
42900,SUBMISSION,Camilla,VOLCANIC_ROCK_VOUCHER_9750,SEASHELLS,197,14
43100,Camilla,SUBMISSION,VOLCANIC_ROCK_VOUCHER_9750,SEASHELLS,199,5
43800,Camilla,SUBMISSION,VOLCANIC_ROCK_VOUCHER_9750,SEASHELLS,202,5
44200,Camilla,SUBMISSION,VOLCANIC_ROCK_VOUCHER_9750,SEASHELLS,203,5
44900,Camilla,SUBMISSION,VOLCANIC_ROCK_VOUCHER_10000,SEASHELLS,40,5
44900,SUBMISSION,Camilla,VOLCANIC_ROCK_VOUCHER_9750,SEASHELLS,199,14
44900,SUBMISSION,Caesar,VOLCANIC_ROCK_VOUCHER_9750,SEASHELLS,199,1
45000,Camilla,SUBMISSION,VOLCANIC_ROCK_VOUCHER_10000,SEASHELLS,41,5
45000,SUBMISSION,Camilla,VOLCANIC_ROCK_VOUCHER_9750,SEASHELLS,200,6
45300,SUBMISSION,Camilla,VOLCANIC_ROCK_VOUCHER_10000,SEASHELLS,38,10
45300,Camilla,SUBMISSION,VOLCANIC_ROCK_VOUCHER_9750,SEASHELLS,207,5
45500,Camilla,SUBMISSION,VOLCANIC_ROCK_VOUCHER_10000,SEASHELLS,41,5
45500,SUBMISSION,Camilla,VOLCANIC_ROCK_VOUCHER_9750,SEASHELLS,207,5
45700,Camilla,SUBMISSION,VOLCANIC_ROCK_VOUCHER_10000,SEASHELLS,42,5
45800,SUBMISSION,Camilla,VOLCANIC_ROCK_VOUCHER_10000,SEASHELLS,40,10
45800,Camilla,SUBMISSION,VOLCANIC_ROCK_VOUCHER_9750,SEASHELLS,204,5
45900,Camilla,SUBMISSION,VOLCANIC_ROCK_VOUCHER_10000,SEASHELLS,46,5
45900,SUBMISSION,Camilla,VOLCANIC_ROCK_VOUCHER_9750,SEASHELLS,204,5
46100,SUBMISSION,Camilla,VOLCANIC_ROCK_VOUCHER_10000,SEASHELLS,41,5
46200,Camilla,SUBMISSION,VOLCANIC_ROCK_VOUCHER_9750,SEASHELLS,205,5
46500,Camilla,SUBMISSION,VOLCANIC_ROCK_VOUCHER_9750,SEASHELLS,203,5
46700,Camilla,SUBMISSION,VOLCANIC_ROCK_VOUCHER_10250,SEASHELLS,3,1
46800,SUBMISSION,Camilla,VOLCANIC_ROCK_VOUCHER_10250,SEASHELLS,4,1
46900,Camilla,SUBMISSION,VOLCANIC_ROCK_VOUCHER_9750,SEASHELLS,203,5
47200,SUBMISSION,Camilla,VOLCANIC_ROCK_VOUCHER_10000,SEASHELLS,41,5
47200,Camilla,SUBMISSION,VOLCANIC_ROCK_VOUCHER_9750,SEASHELLS,205,5
47300,Camilla,SUBMISSION,VOLCANIC_ROCK_VOUCHER_10000,SEASHELLS,45,5
48100,Camilla,SUBMISSION,VOLCANIC_ROCK_VOUCHER_10000,SEASHELLS,44,5
48200,SUBMISSION,Camilla,VOLCANIC_ROCK_VOUCHER_10000,SEASHELLS,41,5
48200,Camilla,SUBMISSION,VOLCANIC_ROCK_VOUCHER_9750,SEASHELLS,210,5
48300,Camilla,SUBMISSION,VOLCANIC_ROCK_VOUCHER_10000,SEASHELLS,46,5
48400,SUBMISSION,Camilla,VOLCANIC_ROCK_VOUCHER_10000,SEASHELLS,43,5
48400,Camilla,SUBMISSION,VOLCANIC_ROCK_VOUCHER_9750,SEASHELLS,213,5
48600,SUBMISSION,Camilla,VOLCANIC_ROCK_VOUCHER_9750,SEASHELLS,218,18
48600,SUBMISSION,Caesar,VOLCANIC_ROCK_VOUCHER_9750,SEASHELLS,218,1
48800,Camilla,SUBMISSION,VOLCANIC_ROCK_VOUCHER_10250,SEASHELLS,4,14
48800,Caesar,SUBMISSION,VOLCANIC_ROCK_VOUCHER_10250,SEASHELLS,4,14
48800,SUBMISSION,Camilla,VOLCANIC_ROCK_VOUCHER_9750,SEASHELLS,215,11
48900,SUBMISSION,Camilla,VOLCANIC_ROCK_VOUCHER_10250,SEASHELLS,4,5
48900,Camilla,SUBMISSION,VOLCANIC_ROCK_VOUCHER_9750,SEASHELLS,215,5
49000,SUBMISSION,Camilla,VOLCANIC_ROCK_VOUCHER_10250,SEASHELLS,5,5
49100,SUBMISSION,Camilla,VOLCANIC_ROCK_VOUCHER_10250,SEASHELLS,4,5
49200,SUBMISSION,Camilla,VOLCANIC_ROCK_VOUCHER_10250,SEASHELLS,5,5
49300,Camilla,SUBMISSION,VOLCANIC_ROCK_VOUCHER_10000,SEASHELLS,46,5
49300,SUBMISSION,Camilla,VOLCANIC_ROCK_VOUCHER_10250,SEASHELLS,4,5
49400,SUBMISSION,Camilla,VOLCANIC_ROCK_VOUCHER_10000,SEASHELLS,38,5
49500,SUBMISSION,Camilla,VOLCANIC_ROCK_VOUCHER_10250,SEASHELLS,4,3
49800,Camilla,SUBMISSION,VOLCANIC_ROCK_VOUCHER_9750,SEASHELLS,212,5
50100,Camilla,SUBMISSION,VOLCANIC_ROCK_VOUCHER_10000,SEASHELLS,45,5
50300,SUBMISSION,Camilla,VOLCANIC_ROCK_VOUCHER_10000,SEASHELLS,42,5
50400,SUBMISSION,Camilla,VOLCANIC_ROCK_VOUCHER_9750,SEASHELLS,207,10
51000,Camilla,SUBMISSION,VOLCANIC_ROCK_VOUCHER_9750,SEASHELLS,211,5
51300,Camilla,SUBMISSION,VOLCANIC_ROCK_VOUCHER_9750,SEASHELLS,207,5
51700,Camilla,SUBMISSION,VOLCANIC_ROCK_VOUCHER_10000,SEASHELLS,47,5
51700,SUBMISSION,Camilla,VOLCANIC_ROCK_VOUCHER_9750,SEASHELLS,214,10
52000,SUBMISSION,Camilla,VOLCANIC_ROCK_VOUCHER_9500,SEASHELLS,453,5
52100,SUBMISSION,Camilla,VOLCANIC_ROCK_VOUCHER_10000,SEASHELLS,43,5
52100,Camilla,SUBMISSION,VOLCANIC_ROCK_VOUCHER_9500,SEASHELLS,453,5
52100,Camilla,SUBMISSION,VOLCANIC_ROCK_VOUCHER_9750,SEASHELLS,214,5
52500,Camilla,SUBMISSION,VOLCANIC_ROCK_VOUCHER_9750,SEASHELLS,212,5
52800,SUBMISSION,Camilla,VOLCANIC_ROCK_VOUCHER_9750,SEASHELLS,216,10
53400,Camilla,SUBMISSION,VOLCANIC_ROCK_VOUCHER_10000,SEASHELLS,48,5
53800,SUBMISSION,Camilla,VOLCANIC_ROCK_VOUCHER_10000,SEASHELLS,42,5
54000,Camilla,SUBMISSION,VOLCANIC_ROCK_VOUCHER_9750,SEASHELLS,210,5
54100,Camilla,SUBMISSION,VOLCANIC_ROCK_VOUCHER_10000,SEASHELLS,48,5
54200,Camilla,SUBMISSION,VOLCANIC_ROCK_VOUCHER_10000,SEASHELLS,46,5
54300,SUBMISSION,Camilla,VOLCANIC_ROCK_VOUCHER_10000,SEASHELLS,43,10
54500,Camilla,SUBMISSION,VOLCANIC_ROCK_VOUCHER_10000,SEASHELLS,43,5
54500,SUBMISSION,Camilla,VOLCANIC_ROCK_VOUCHER_9750,SEASHELLS,205,5
54600,Camilla,SUBMISSION,VOLCANIC_ROCK_VOUCHER_10000,SEASHELLS,46,5
55200,Camilla,SUBMISSION,VOLCANIC_ROCK_VOUCHER_10000,SEASHELLS,45,5
55300,Camilla,SUBMISSION,VOLCANIC_ROCK_VOUCHER_10000,SEASHELLS,46,5
55400,Camilla,SUBMISSION,VOLCANIC_ROCK_VOUCHER_10000,SEASHELLS,45,5
55600,Camilla,SUBMISSION,VOLCANIC_ROCK_VOUCHER_10000,SEASHELLS,46,5
55900,Camilla,SUBMISSION,VOLCANIC_ROCK_VOUCHER_10000,SEASHELLS,44,5
56200,SUBMISSION,Camilla,VOLCANIC_ROCK_VOUCHER_10000,SEASHELLS,41,12
56200,SUBMISSION,Caesar,VOLCANIC_ROCK_VOUCHER_10000,SEASHELLS,41,1
56200,Camilla,SUBMISSION,VOLCANIC_ROCK_VOUCHER_9750,SEASHELLS,210,5
56300,Camilla,SUBMISSION,VOLCANIC_ROCK_VOUCHER_10000,SEASHELLS,46,5
56300,SUBMISSION,Camilla,VOLCANIC_ROCK_VOUCHER_9750,SEASHELLS,212,5
56400,SUBMISSION,Camilla,VOLCANIC_ROCK_VOUCHER_10000,SEASHELLS,42,12
56400,Camilla,SUBMISSION,VOLCANIC_ROCK_VOUCHER_9750,SEASHELLS,208,5
56600,SUBMISSION,Camilla,VOLCANIC_ROCK_VOUCHER_10000,SEASHELLS,41,12
56600,Camilla,SUBMISSION,VOLCANIC_ROCK_VOUCHER_9750,SEASHELLS,210,5
56700,SUBMISSION,Camilla,VOLCANIC_ROCK_VOUCHER_10000,SEASHELLS,43,3
56700,Camilla,SUBMISSION,VOLCANIC_ROCK_VOUCHER_9750,SEASHELLS,210,5
56800,Camilla,SUBMISSION,VOLCANIC_ROCK_VOUCHER_10000,SEASHELLS,45,5
56900,SUBMISSION,Camilla,VOLCANIC_ROCK_VOUCHER_10000,SEASHELLS,41,5
56900,Camilla,SUBMISSION,VOLCANIC_ROCK_VOUCHER_9750,SEASHELLS,208,5
57500,Camilla,SUBMISSION,VOLCANIC_ROCK_VOUCHER_9750,SEASHELLS,201,5
58200,Camilla,SUBMISSION,VOLCANIC_ROCK_VOUCHER_9750,SEASHELLS,205,5
58300,Camilla,SUBMISSION,VOLCANIC_ROCK_VOUCHER_10000,SEASHELLS,42,5
58300,SUBMISSION,Camilla,VOLCANIC_ROCK_VOUCHER_9750,SEASHELLS,203,16
58300,SUBMISSION,Caesar,VOLCANIC_ROCK_VOUCHER_9750,SEASHELLS,203,1
58800,SUBMISSION,Camilla,VOLCANIC_ROCK_VOUCHER_10000,SEASHELLS,36,5
59000,Camilla,SUBMISSION,VOLCANIC_ROCK_VOUCHER_10000,SEASHELLS,43,5
59000,SUBMISSION,Camilla,VOLCANIC_ROCK_VOUCHER_9750,SEASHELLS,200,13
59300,SUBMISSION,Camilla,VOLCANIC_ROCK_VOUCHER_10000,SEASHELLS,37,5
59700,Camilla,SUBMISSION,VOLCANIC_ROCK_VOUCHER_9750,SEASHELLS,199,5
60000,SUBMISSION,Camilla,VOLCANIC_ROCK_VOUCHER_9750,SEASHELLS,195,5
60100,Camilla,SUBMISSION,VOLCANIC_ROCK_VOUCHER_9750,SEASHELLS,197,5
60500,SUBMISSION,Caesar,VOLCANIC_ROCK_VOUCHER_10000,SEASHELLS,35,5
60500,SUBMISSION,Caesar,VOLCANIC_ROCK_VOUCHER_9500,SEASHELLS,433,5
60600,Camilla,SUBMISSION,VOLCANIC_ROCK_VOUCHER_10000,SEASHELLS,39,5
60600,Camilla,SUBMISSION,VOLCANIC_ROCK_VOUCHER_9500,SEASHELLS,433,5
60700,SUBMISSION,Camilla,VOLCANIC_ROCK_VOUCHER_9750,SEASHELLS,196,5
61200,Camilla,SUBMISSION,VOLCANIC_ROCK_VOUCHER_10000,SEASHELLS,46,5
61500,SUBMISSION,Camilla,VOLCANIC_ROCK_VOUCHER_10000,SEASHELLS,39,5
61600,SUBMISSION,Caesar,VOLCANIC_ROCK_VOUCHER_9500,SEASHELLS,442,1
61700,Camilla,SUBMISSION,VOLCANIC_ROCK_VOUCHER_10000,SEASHELLS,44,5
61700,Camilla,SUBMISSION,VOLCANIC_ROCK_VOUCHER_9500,SEASHELLS,442,1
61800,Caesar,SUBMISSION,VOLCANIC_ROCK_VOUCHER_10250,SEASHELLS,3,2
61900,Camilla,SUBMISSION,VOLCANIC_ROCK_VOUCHER_10000,SEASHELLS,45,5
61900,SUBMISSION,Camilla,VOLCANIC_ROCK_VOUCHER_10250,SEASHELLS,4,2
62100,SUBMISSION,Camilla,VOLCANIC_ROCK_VOUCHER_10000,SEASHELLS,38,10
63900,Camilla,SUBMISSION,VOLCANIC_ROCK_VOUCHER_9750,SEASHELLS,198,5
64100,Camilla,SUBMISSION,VOLCANIC_ROCK_VOUCHER_9750,SEASHELLS,193,5
64200,Camilla,SUBMISSION,VOLCANIC_ROCK_VOUCHER_9750,SEASHELLS,194,5
64400,Camilla,SUBMISSION,VOLCANIC_ROCK_VOUCHER_10000,SEASHELLS,39,5
64400,SUBMISSION,Camilla,VOLCANIC_ROCK_VOUCHER_9750,SEASHELLS,193,13
64400,SUBMISSION,Caesar,VOLCANIC_ROCK_VOUCHER_9750,SEASHELLS,193,2
64500,SUBMISSION,Camilla,VOLCANIC_ROCK_VOUCHER_10000,SEASHELLS,36,5
64900,Camilla,SUBMISSION,VOLCANIC_ROCK_VOUCHER_9750,SEASHELLS,200,5
65200,SUBMISSION,Camilla,VOLCANIC_ROCK_VOUCHER_10000,SEASHELLS,36,5
65200,Camilla,SUBMISSION,VOLCANIC_ROCK_VOUCHER_9750,SEASHELLS,204,5
65300,Camilla,SUBMISSION,VOLCANIC_ROCK_VOUCHER_10000,SEASHELLS,40,5
65300,Camilla,SUBMISSION,VOLCANIC_ROCK_VOUCHER_9750,SEASHELLS,206,5
65600,Camilla,SUBMISSION,VOLCANIC_ROCK_VOUCHER_9750,SEASHELLS,206,5
65800,Camilla,SUBMISSION,VOLCANIC_ROCK_VOUCHER_9750,SEASHELLS,208,5
65900,Camilla,SUBMISSION,VOLCANIC_ROCK_VOUCHER_10000,SEASHELLS,48,5
65900,SUBMISSION,Camilla,VOLCANIC_ROCK_VOUCHER_9750,SEASHELLS,213,13
65900,SUBMISSION,Caesar,VOLCANIC_ROCK_VOUCHER_9750,SEASHELLS,213,1
66100,SUBMISSION,Camilla,VOLCANIC_ROCK_VOUCHER_10000,SEASHELLS,50,5
66200,SUBMISSION,Camilla,VOLCANIC_ROCK_VOUCHER_9750,SEASHELLS,227,11
66500,Camilla,SUBMISSION,VOLCANIC_ROCK_VOUCHER_10250,SEASHELLS,4,15
66500,Caesar,SUBMISSION,VOLCANIC_ROCK_VOUCHER_10250,SEASHELLS,4,1
66600,SUBMISSION,Camilla,VOLCANIC_ROCK_VOUCHER_10250,SEASHELLS,5,5
66700,SUBMISSION,Camilla,VOLCANIC_ROCK_VOUCHER_10250,SEASHELLS,5,5
66900,SUBMISSION,Camilla,VOLCANIC_ROCK_VOUCHER_10000,SEASHELLS,45,5
66900,SUBMISSION,Camilla,VOLCANIC_ROCK_VOUCHER_10250,SEASHELLS,5,5
66900,Camilla,SUBMISSION,VOLCANIC_ROCK_VOUCHER_9750,SEASHELLS,217,5
67000,SUBMISSION,Camilla,VOLCANIC_ROCK_VOUCHER_10250,SEASHELLS,5,1
67000,Camilla,SUBMISSION,VOLCANIC_ROCK_VOUCHER_9750,SEASHELLS,220,5
67100,Camilla,SUBMISSION,VOLCANIC_ROCK_VOUCHER_10000,SEASHELLS,47,5
67500,Camilla,SUBMISSION,VOLCANIC_ROCK_VOUCHER_9750,SEASHELLS,213,5
67800,Camilla,SUBMISSION,VOLCANIC_ROCK_VOUCHER_9750,SEASHELLS,217,5
67900,SUBMISSION,Camilla,VOLCANIC_ROCK_VOUCHER_9750,SEASHELLS,216,14
67900,SUBMISSION,Caesar,VOLCANIC_ROCK_VOUCHER_9750,SEASHELLS,216,2
68100,Camilla,SUBMISSION,VOLCANIC_ROCK_VOUCHER_10000,SEASHELLS,48,5
68100,SUBMISSION,Camilla,VOLCANIC_ROCK_VOUCHER_9750,SEASHELLS,216,4
69000,SUBMISSION,Camilla,VOLCANIC_ROCK_VOUCHER_10000,SEASHELLS,43,5
69100,Camilla,SUBMISSION,VOLCANIC_ROCK_VOUCHER_10000,SEASHELLS,50,5
69400,SUBMISSION,Camilla,VOLCANIC_ROCK_VOUCHER_10000,SEASHELLS,46,5
69800,Caesar,SUBMISSION,VOLCANIC_ROCK_VOUCHER_10250,SEASHELLS,4,1
69900,Camilla,SUBMISSION,VOLCANIC_ROCK_VOUCHER_10000,SEASHELLS,48,5
69900,SUBMISSION,Camilla,VOLCANIC_ROCK_VOUCHER_10250,SEASHELLS,5,1
70100,SUBMISSION,Camilla,VOLCANIC_ROCK_VOUCHER_10000,SEASHELLS,44,5
70300,Camilla,SUBMISSION,VOLCANIC_ROCK_VOUCHER_10000,SEASHELLS,46,5
70800,SUBMISSION,Camilla,VOLCANIC_ROCK_VOUCHER_10000,SEASHELLS,43,5
70900,Camilla,SUBMISSION,VOLCANIC_ROCK_VOUCHER_9750,SEASHELLS,210,5
71000,Camilla,SUBMISSION,VOLCANIC_ROCK_VOUCHER_10000,SEASHELLS,45,5
71000,SUBMISSION,Camilla,VOLCANIC_ROCK_VOUCHER_9750,SEASHELLS,208,5
71100,SUBMISSION,Caesar,VOLCANIC_ROCK_VOUCHER_10000,SEASHELLS,41,5
71100,SUBMISSION,Caesar,VOLCANIC_ROCK_VOUCHER_9500,SEASHELLS,448,5
71200,Camilla,SUBMISSION,VOLCANIC_ROCK_VOUCHER_9500,SEASHELLS,449,5
71200,Camilla,SUBMISSION,VOLCANIC_ROCK_VOUCHER_9750,SEASHELLS,209,5
71300,Camilla,SUBMISSION,VOLCANIC_ROCK_VOUCHER_10000,SEASHELLS,44,5
71300,SUBMISSION,Camilla,VOLCANIC_ROCK_VOUCHER_9750,SEASHELLS,209,5
71400,SUBMISSION,Camilla,VOLCANIC_ROCK_VOUCHER_10000,SEASHELLS,43,5
72300,Camilla,SUBMISSION,VOLCANIC_ROCK_VOUCHER_9750,SEASHELLS,213,5
72500,Camilla,SUBMISSION,VOLCANIC_ROCK_VOUCHER_10250,SEASHELLS,3,8
72500,SUBMISSION,Camilla,VOLCANIC_ROCK_VOUCHER_9750,SEASHELLS,207,5
72600,SUBMISSION,Camilla,VOLCANIC_ROCK_VOUCHER_10250,SEASHELLS,4,5
72700,SUBMISSION,Camilla,VOLCANIC_ROCK_VOUCHER_10250,SEASHELLS,4,3
72700,Caesar,SUBMISSION,VOLCANIC_ROCK_VOUCHER_9750,SEASHELLS,209,1
73100,Camilla,SUBMISSION,VOLCANIC_ROCK_VOUCHER_10000,SEASHELLS,47,5
73100,SUBMISSION,Camilla,VOLCANIC_ROCK_VOUCHER_9750,SEASHELLS,210,1
73300,Camilla,SUBMISSION,VOLCANIC_ROCK_VOUCHER_9750,SEASHELLS,214,5
73500,SUBMISSION,Caesar,VOLCANIC_ROCK_VOUCHER_9500,SEASHELLS,449,1
73500,SUBMISSION,Caesar,VOLCANIC_ROCK_VOUCHER_9750,SEASHELLS,207,1
73600,Camilla,SUBMISSION,VOLCANIC_ROCK_VOUCHER_9500,SEASHELLS,451,1
73700,Camilla,SUBMISSION,VOLCANIC_ROCK_VOUCHER_10000,SEASHELLS,44,5
73900,SUBMISSION,Camilla,VOLCANIC_ROCK_VOUCHER_10000,SEASHELLS,41,10
73900,Camilla,SUBMISSION,VOLCANIC_ROCK_VOUCHER_9750,SEASHELLS,212,5
74200,Camilla,SUBMISSION,VOLCANIC_ROCK_VOUCHER_10000,SEASHELLS,46,5
74200,SUBMISSION,Camilla,VOLCANIC_ROCK_VOUCHER_9750,SEASHELLS,211,9
74400,SUBMISSION,Camilla,VOLCANIC_ROCK_VOUCHER_10000,SEASHELLS,42,5
74600,SUBMISSION,Caesar,VOLCANIC_ROCK_VOUCHER_9500,SEASHELLS,449,5
74800,Camilla,SUBMISSION,VOLCANIC_ROCK_VOUCHER_9500,SEASHELLS,445,5
75900,Camilla,SUBMISSION,VOLCANIC_ROCK_VOUCHER_10000,SEASHELLS,39,5
76000,Camilla,SUBMISSION,VOLCANIC_ROCK_VOUCHER_10000,SEASHELLS,41,5
76100,Camilla,SUBMISSION,VOLCANIC_ROCK_VOUCHER_10000,SEASHELLS,41,5
76800,SUBMISSION,Camilla,VOLCANIC_ROCK_VOUCHER_10000,SEASHELLS,39,13
76800,SUBMISSION,Caesar,VOLCANIC_ROCK_VOUCHER_10000,SEASHELLS,39,1
76800,Camilla,SUBMISSION,VOLCANIC_ROCK_VOUCHER_9750,SEASHELLS,200,5
77500,Camilla,SUBMISSION,VOLCANIC_ROCK_VOUCHER_10000,SEASHELLS,43,5
77500,SUBMISSION,Camilla,VOLCANIC_ROCK_VOUCHER_9750,SEASHELLS,202,5
77600,SUBMISSION,Camilla,VOLCANIC_ROCK_VOUCHER_10000,SEASHELLS,38,6
78400,Camilla,SUBMISSION,VOLCANIC_ROCK_VOUCHER_9750,SEASHELLS,197,5
78900,SUBMISSION,Camilla,VOLCANIC_ROCK_VOUCHER_9750,SEASHELLS,191,5
79000,SUBMISSION,Caesar,VOLCANIC_ROCK_VOUCHER_9500,SEASHELLS,430,2
79100,Camilla,SUBMISSION,VOLCANIC_ROCK_VOUCHER_10250,SEASHELLS,3,13
79100,Caesar,SUBMISSION,VOLCANIC_ROCK_VOUCHER_10250,SEASHELLS,3,2
79100,Caesar,SUBMISSION,VOLCANIC_ROCK_VOUCHER_10250,SEASHELLS,3,14
79200,SUBMISSION,Camilla,VOLCANIC_ROCK_VOUCHER_10250,SEASHELLS,4,5
79200,Camilla,SUBMISSION,VOLCANIC_ROCK_VOUCHER_9500,SEASHELLS,428,2
79200,Camilla,SUBMISSION,VOLCANIC_ROCK_VOUCHER_9750,SEASHELLS,191,5
79300,Camilla,SUBMISSION,VOLCANIC_ROCK_VOUCHER_9750,SEASHELLS,189,5
79400,Camilla,SUBMISSION,VOLCANIC_ROCK_VOUCHER_10000,SEASHELLS,38,5
79400,SUBMISSION,Camilla,VOLCANIC_ROCK_VOUCHER_10250,SEASHELLS,4,5
79400,SUBMISSION,Camilla,VOLCANIC_ROCK_VOUCHER_9750,SEASHELLS,189,10
79500,Camilla,SUBMISSION,VOLCANIC_ROCK_VOUCHER_10000,SEASHELLS,36,5
79500,SUBMISSION,Camilla,VOLCANIC_ROCK_VOUCHER_10250,SEASHELLS,3,5
79600,SUBMISSION,Camilla,VOLCANIC_ROCK_VOUCHER_10250,SEASHELLS,3,5
79700,Camilla,SUBMISSION,VOLCANIC_ROCK_VOUCHER_10000,SEASHELLS,34,5
79700,SUBMISSION,Camilla,VOLCANIC_ROCK_VOUCHER_10250,SEASHELLS,3,5
79800,SUBMISSION,Camilla,VOLCANIC_ROCK_VOUCHER_10000,SEASHELLS,34,15
79800,SUBMISSION,Camilla,VOLCANIC_ROCK_VOUCHER_10250,SEASHELLS,3,4
79800,Camilla,SUBMISSION,VOLCANIC_ROCK_VOUCHER_9750,SEASHELLS,188,5
79900,Camilla,SUBMISSION,VOLCANIC_ROCK_VOUCHER_10000,SEASHELLS,34,5
80000,SUBMISSION,Camilla,VOLCANIC_ROCK_VOUCHER_10000,SEASHELLS,34,5
80000,Camilla,SUBMISSION,VOLCANIC_ROCK_VOUCHER_9750,SEASHELLS,189,5
80200,Camilla,SUBMISSION,VOLCANIC_ROCK_VOUCHER_9750,SEASHELLS,189,5
80300,Camilla,SUBMISSION,VOLCANIC_ROCK_VOUCHER_9750,SEASHELLS,188,5
80400,Camilla,SUBMISSION,VOLCANIC_ROCK_VOUCHER_10000,SEASHELLS,36,5
80600,SUBMISSION,Camilla,VOLCANIC_ROCK_VOUCHER_10000,SEASHELLS,34,5
80600,Camilla,SUBMISSION,VOLCANIC_ROCK_VOUCHER_9750,SEASHELLS,190,5
80900,Camilla,SUBMISSION,VOLCANIC_ROCK_VOUCHER_10000,SEASHELLS,36,5
80900,SUBMISSION,Camilla,VOLCANIC_ROCK_VOUCHER_9750,SEASHELLS,187,16
80900,SUBMISSION,Caesar,VOLCANIC_ROCK_VOUCHER_9750,SEASHELLS,187,1
81000,Camilla,SUBMISSION,VOLCANIC_ROCK_VOUCHER_9750,SEASHELLS,190,5
81100,Camilla,SUBMISSION,VOLCANIC_ROCK_VOUCHER_10000,SEASHELLS,37,5
81100,SUBMISSION,Camilla,VOLCANIC_ROCK_VOUCHER_9750,SEASHELLS,188,10
81200,Camilla,SUBMISSION,VOLCANIC_ROCK_VOUCHER_10000,SEASHELLS,34,5
81500,Camilla,SUBMISSION,VOLCANIC_ROCK_VOUCHER_9750,SEASHELLS,185,5
81700,Camilla,SUBMISSION,VOLCANIC_ROCK_VOUCHER_10000,SEASHELLS,35,5
81900,Camilla,SUBMISSION,VOLCANIC_ROCK_VOUCHER_10000,SEASHELLS,36,5
82000,Camilla,SUBMISSION,VOLCANIC_ROCK_VOUCHER_10000,SEASHELLS,32,5
82000,SUBMISSION,Camilla,VOLCANIC_ROCK_VOUCHER_9750,SEASHELLS,180,8
82300,SUBMISSION,Caesar,VOLCANIC_ROCK_VOUCHER_9500,SEASHELLS,422,5
82400,Camilla,SUBMISSION,VOLCANIC_ROCK_VOUCHER_10000,SEASHELLS,36,5
82500,Camilla,SUBMISSION,VOLCANIC_ROCK_VOUCHER_10000,SEASHELLS,34,5
82500,Camilla,SUBMISSION,VOLCANIC_ROCK_VOUCHER_9500,SEASHELLS,421,5
82600,Camilla,SUBMISSION,VOLCANIC_ROCK_VOUCHER_9750,SEASHELLS,183,5
82700,SUBMISSION,Camilla,VOLCANIC_ROCK_VOUCHER_10000,SEASHELLS,32,16
82700,Camilla,SUBMISSION,VOLCANIC_ROCK_VOUCHER_9750,SEASHELLS,183,5
82800,Camilla,SUBMISSION,VOLCANIC_ROCK_VOUCHER_10000,SEASHELLS,35,5
82800,SUBMISSION,Camilla,VOLCANIC_ROCK_VOUCHER_9750,SEASHELLS,184,10
82900,Camilla,SUBMISSION,VOLCANIC_ROCK_VOUCHER_9750,SEASHELLS,184,5
83000,SUBMISSION,Camilla,VOLCANIC_ROCK_VOUCHER_10000,SEASHELLS,32,12
83000,SUBMISSION,Caesar,VOLCANIC_ROCK_VOUCHER_10000,SEASHELLS,32,2
83000,Camilla,SUBMISSION,VOLCANIC_ROCK_VOUCHER_9750,SEASHELLS,183,5
83100,Camilla,SUBMISSION,VOLCANIC_ROCK_VOUCHER_9750,SEASHELLS,185,5
83200,Camilla,SUBMISSION,VOLCANIC_ROCK_VOUCHER_10000,SEASHELLS,36,5
83300,SUBMISSION,Camilla,VOLCANIC_ROCK_VOUCHER_10000,SEASHELLS,30,13
83300,SUBMISSION,Caesar,VOLCANIC_ROCK_VOUCHER_10000,SEASHELLS,30,1
83300,Camilla,SUBMISSION,VOLCANIC_ROCK_VOUCHER_9750,SEASHELLS,183,3
83300,Caesar,SUBMISSION,VOLCANIC_ROCK_VOUCHER_9750,SEASHELLS,183,1
83500,Camilla,SUBMISSION,VOLCANIC_ROCK_VOUCHER_9750,SEASHELLS,182,5
83600,SUBMISSION,Camilla,VOLCANIC_ROCK_VOUCHER_10000,SEASHELLS,33,6
83600,SUBMISSION,Camilla,VOLCANIC_ROCK_VOUCHER_9500,SEASHELLS,419,5
83700,Camilla,SUBMISSION,VOLCANIC_ROCK_VOUCHER_9500,SEASHELLS,418,5
83800,Camilla,SUBMISSION,VOLCANIC_ROCK_VOUCHER_9750,SEASHELLS,182,5
84100,Camilla,SUBMISSION,VOLCANIC_ROCK_VOUCHER_9750,SEASHELLS,182,5
84200,Camilla,SUBMISSION,VOLCANIC_ROCK_VOUCHER_10000,SEASHELLS,34,5
84300,Camilla,SUBMISSION,VOLCANIC_ROCK_VOUCHER_10000,SEASHELLS,36,5
84500,Camilla,SUBMISSION,VOLCANIC_ROCK_VOUCHER_9750,SEASHELLS,182,5
84600,SUBMISSION,Camilla,VOLCANIC_ROCK_VOUCHER_10000,SEASHELLS,34,10
84600,Camilla,SUBMISSION,VOLCANIC_ROCK_VOUCHER_9750,SEASHELLS,185,5
84700,Camilla,SUBMISSION,VOLCANIC_ROCK_VOUCHER_9750,SEASHELLS,183,5
85100,Camilla,SUBMISSION,VOLCANIC_ROCK_VOUCHER_10000,SEASHELLS,35,5
85600,Camilla,SUBMISSION,VOLCANIC_ROCK_VOUCHER_10000,SEASHELLS,36,5
85700,Camilla,SUBMISSION,VOLCANIC_ROCK_VOUCHER_10000,SEASHELLS,36,5
86000,Camilla,SUBMISSION,VOLCANIC_ROCK_VOUCHER_9750,SEASHELLS,187,5
86100,SUBMISSION,Camilla,VOLCANIC_ROCK_VOUCHER_10000,SEASHELLS,33,13
86100,SUBMISSION,Caesar,VOLCANIC_ROCK_VOUCHER_10000,SEASHELLS,33,2
86100,Camilla,SUBMISSION,VOLCANIC_ROCK_VOUCHER_9750,SEASHELLS,187,5
86300,Camilla,SUBMISSION,VOLCANIC_ROCK_VOUCHER_10000,SEASHELLS,35,5
86500,Camilla,SUBMISSION,VOLCANIC_ROCK_VOUCHER_10000,SEASHELLS,34,5
86700,Camilla,SUBMISSION,VOLCANIC_ROCK_VOUCHER_9750,SEASHELLS,185,5
87000,SUBMISSION,Camilla,VOLCANIC_ROCK_VOUCHER_10000,SEASHELLS,31,10
87000,Camilla,SUBMISSION,VOLCANIC_ROCK_VOUCHER_9750,SEASHELLS,184,5
87300,Camilla,SUBMISSION,VOLCANIC_ROCK_VOUCHER_10000,SEASHELLS,35,5
87400,Camilla,SUBMISSION,VOLCANIC_ROCK_VOUCHER_10000,SEASHELLS,35,5
87400,SUBMISSION,Camilla,VOLCANIC_ROCK_VOUCHER_9750,SEASHELLS,177,14
87500,Camilla,SUBMISSION,VOLCANIC_ROCK_VOUCHER_9750,SEASHELLS,177,5
87600,SUBMISSION,Camilla,VOLCANIC_ROCK_VOUCHER_10000,SEASHELLS,29,10
87600,Camilla,SUBMISSION,VOLCANIC_ROCK_VOUCHER_9750,SEASHELLS,176,5
87900,Camilla,SUBMISSION,VOLCANIC_ROCK_VOUCHER_9750,SEASHELLS,184,5
88100,Camilla,SUBMISSION,VOLCANIC_ROCK_VOUCHER_10000,SEASHELLS,32,5
88100,SUBMISSION,Camilla,VOLCANIC_ROCK_VOUCHER_9750,SEASHELLS,180,10
88100,SUBMISSION,Caesar,VOLCANIC_ROCK_VOUCHER_9750,SEASHELLS,180,2
88200,SUBMISSION,Camilla,VOLCANIC_ROCK_VOUCHER_10000,SEASHELLS,32,5
88200,Camilla,SUBMISSION,VOLCANIC_ROCK_VOUCHER_9750,SEASHELLS,183,5
88300,Camilla,SUBMISSION,VOLCANIC_ROCK_VOUCHER_10000,SEASHELLS,34,5
88300,SUBMISSION,Camilla,VOLCANIC_ROCK_VOUCHER_9750,SEASHELLS,180,13
88400,SUBMISSION,Camilla,VOLCANIC_ROCK_VOUCHER_10000,SEASHELLS,31,5
88400,Camilla,SUBMISSION,VOLCANIC_ROCK_VOUCHER_9750,SEASHELLS,180,5
88500,Camilla,SUBMISSION,VOLCANIC_ROCK_VOUCHER_9750,SEASHELLS,179,5
89000,Camilla,SUBMISSION,VOLCANIC_ROCK_VOUCHER_10000,SEASHELLS,33,5
89300,Camilla,SUBMISSION,VOLCANIC_ROCK_VOUCHER_10000,SEASHELLS,31,5
89300,SUBMISSION,Camilla,VOLCANIC_ROCK_VOUCHER_9750,SEASHELLS,179,16
89300,SUBMISSION,Caesar,VOLCANIC_ROCK_VOUCHER_9750,SEASHELLS,179,2
89500,SUBMISSION,Camilla,VOLCANIC_ROCK_VOUCHER_10000,SEASHELLS,32,10
89500,Camilla,SUBMISSION,VOLCANIC_ROCK_VOUCHER_9750,SEASHELLS,183,5
89600,Camilla,SUBMISSION,VOLCANIC_ROCK_VOUCHER_9750,SEASHELLS,182,5
89700,Camilla,SUBMISSION,VOLCANIC_ROCK_VOUCHER_9750,SEASHELLS,182,5
89900,Camilla,SUBMISSION,VOLCANIC_ROCK_VOUCHER_9750,SEASHELLS,185,5
90000,Camilla,SUBMISSION,VOLCANIC_ROCK_VOUCHER_10000,SEASHELLS,34,5
90100,Camilla,SUBMISSION,VOLCANIC_ROCK_VOUCHER_10000,SEASHELLS,35,5
90100,SUBMISSION,Camilla,VOLCANIC_ROCK_VOUCHER_9750,SEASHELLS,185,15
90100,SUBMISSION,Caesar,VOLCANIC_ROCK_VOUCHER_9750,SEASHELLS,185,2
90200,Camilla,SUBMISSION,VOLCANIC_ROCK_VOUCHER_9750,SEASHELLS,185,5
90300,Camilla,SUBMISSION,VOLCANIC_ROCK_VOUCHER_9750,SEASHELLS,183,5
90400,Camilla,SUBMISSION,VOLCANIC_ROCK_VOUCHER_10000,SEASHELLS,33,5
90700,Camilla,SUBMISSION,VOLCANIC_ROCK_VOUCHER_10000,SEASHELLS,34,5
91100,SUBMISSION,Camilla,VOLCANIC_ROCK_VOUCHER_9750,SEASHELLS,179,15
91200,Camilla,SUBMISSION,VOLCANIC_ROCK_VOUCHER_9750,SEASHELLS,185,5
91300,Camilla,SUBMISSION,VOLCANIC_ROCK_VOUCHER_10000,SEASHELLS,35,5
91400,Camilla,SUBMISSION,VOLCANIC_ROCK_VOUCHER_10000,SEASHELLS,36,5
91800,Camilla,SUBMISSION,VOLCANIC_ROCK_VOUCHER_10000,SEASHELLS,36,5
92300,Camilla,SUBMISSION,VOLCANIC_ROCK_VOUCHER_10000,SEASHELLS,34,5
92400,Camilla,SUBMISSION,VOLCANIC_ROCK_VOUCHER_10000,SEASHELLS,36,5
92500,SUBMISSION,Camilla,VOLCANIC_ROCK_VOUCHER_9500,SEASHELLS,426,5
92500,SUBMISSION,Camilla,VOLCANIC_ROCK_VOUCHER_9750,SEASHELLS,187,18
92500,SUBMISSION,Caesar,VOLCANIC_ROCK_VOUCHER_9750,SEASHELLS,187,1
92600,Camilla,SUBMISSION,VOLCANIC_ROCK_VOUCHER_9500,SEASHELLS,426,5
92900,Camilla,SUBMISSION,VOLCANIC_ROCK_VOUCHER_10000,SEASHELLS,38,5
93000,Camilla,SUBMISSION,VOLCANIC_ROCK_VOUCHER_10000,SEASHELLS,35,5
93100,SUBMISSION,Camilla,VOLCANIC_ROCK_VOUCHER_10000,SEASHELLS,31,15
93100,SUBMISSION,Caesar,VOLCANIC_ROCK_VOUCHER_10000,SEASHELLS,31,2
93100,Camilla,SUBMISSION,VOLCANIC_ROCK_VOUCHER_9750,SEASHELLS,186,5
93400,Camilla,SUBMISSION,VOLCANIC_ROCK_VOUCHER_9750,SEASHELLS,188,5
94000,Camilla,SUBMISSION,VOLCANIC_ROCK_VOUCHER_10000,SEASHELLS,35,5
94300,SUBMISSION,Camilla,VOLCANIC_ROCK_VOUCHER_9500,SEASHELLS,422,5
94300,SUBMISSION,Camilla,VOLCANIC_ROCK_VOUCHER_9750,SEASHELLS,186,17
94300,SUBMISSION,Caesar,VOLCANIC_ROCK_VOUCHER_9750,SEASHELLS,186,1
94400,Camilla,SUBMISSION,VOLCANIC_ROCK_VOUCHER_9500,SEASHELLS,422,5
94700,Camilla,SUBMISSION,VOLCANIC_ROCK_VOUCHER_9750,SEASHELLS,186,5
94800,Camilla,SUBMISSION,VOLCANIC_ROCK_VOUCHER_9750,SEASHELLS,188,5
94900,SUBMISSION,Camilla,VOLCANIC_ROCK_VOUCHER_10000,SEASHELLS,35,20
94900,Camilla,SUBMISSION,VOLCANIC_ROCK_VOUCHER_9750,SEASHELLS,189,5
95000,Camilla,SUBMISSION,VOLCANIC_ROCK_VOUCHER_10000,SEASHELLS,37,5
95000,SUBMISSION,Camilla,VOLCANIC_ROCK_VOUCHER_9750,SEASHELLS,185,10
95100,SUBMISSION,Camilla,VOLCANIC_ROCK_VOUCHER_10000,SEASHELLS,33,11
95100,SUBMISSION,Caesar,VOLCANIC_ROCK_VOUCHER_10000,SEASHELLS,33,1
95200,Camilla,SUBMISSION,VOLCANIC_ROCK_VOUCHER_10000,SEASHELLS,32,5
95200,SUBMISSION,Camilla,VOLCANIC_ROCK_VOUCHER_9750,SEASHELLS,185,15
95200,SUBMISSION,Caesar,VOLCANIC_ROCK_VOUCHER_9750,SEASHELLS,185,2
95300,Camilla,SUBMISSION,VOLCANIC_ROCK_VOUCHER_10000,SEASHELLS,37,5
95400,Camilla,SUBMISSION,VOLCANIC_ROCK_VOUCHER_10000,SEASHELLS,37,5
95400,SUBMISSION,Camilla,VOLCANIC_ROCK_VOUCHER_9750,SEASHELLS,185,6
95600,Camilla,SUBMISSION,VOLCANIC_ROCK_VOUCHER_10000,SEASHELLS,36,5
95800,Camilla,SUBMISSION,VOLCANIC_ROCK_VOUCHER_9750,SEASHELLS,189,5
96100,SUBMISSION,Camilla,VOLCANIC_ROCK_VOUCHER_10000,SEASHELLS,34,14
96100,SUBMISSION,Caesar,VOLCANIC_ROCK_VOUCHER_10000,SEASHELLS,34,1
96300,Camilla,SUBMISSION,VOLCANIC_ROCK_VOUCHER_9750,SEASHELLS,190,5
96400,Camilla,SUBMISSION,VOLCANIC_ROCK_VOUCHER_10000,SEASHELLS,35,5
96500,Camilla,SUBMISSION,VOLCANIC_ROCK_VOUCHER_9750,SEASHELLS,187,5
96600,Camilla,SUBMISSION,VOLCANIC_ROCK_VOUCHER_9750,SEASHELLS,189,5
96800,SUBMISSION,Camilla,VOLCANIC_ROCK_VOUCHER_10000,SEASHELLS,31,16
96800,SUBMISSION,Caesar,VOLCANIC_ROCK_VOUCHER_10000,SEASHELLS,31,2
96800,Camilla,SUBMISSION,VOLCANIC_ROCK_VOUCHER_9750,SEASHELLS,187,5
96900,Camilla,SUBMISSION,VOLCANIC_ROCK_VOUCHER_10000,SEASHELLS,35,5
97000,SUBMISSION,Pablo,VOLCANIC_ROCK_VOUCHER_9500,SEASHELLS,424,5
97000,SUBMISSION,Pablo,VOLCANIC_ROCK_VOUCHER_9750,SEASHELLS,185,7
97100,Camilla,SUBMISSION,VOLCANIC_ROCK_VOUCHER_9500,SEASHELLS,423,5
97200,Camilla,SUBMISSION,VOLCANIC_ROCK_VOUCHER_10000,SEASHELLS,34,5
97500,Camilla,SUBMISSION,VOLCANIC_ROCK_VOUCHER_9750,SEASHELLS,181,5
97600,Camilla,SUBMISSION,VOLCANIC_ROCK_VOUCHER_9750,SEASHELLS,178,5
97800,Camilla,SUBMISSION,VOLCANIC_ROCK_VOUCHER_10000,SEASHELLS,32,5
97800,SUBMISSION,Camilla,VOLCANIC_ROCK_VOUCHER_9750,SEASHELLS,175,10
97800,SUBMISSION,Caesar,VOLCANIC_ROCK_VOUCHER_9750,SEASHELLS,175,1
98000,SUBMISSION,Camilla,VOLCANIC_ROCK_VOUCHER_10000,SEASHELLS,28,20
98000,SUBMISSION,Caesar,VOLCANIC_ROCK_VOUCHER_10000,SEASHELLS,28,1
98200,Camilla,SUBMISSION,VOLCANIC_ROCK_VOUCHER_9750,SEASHELLS,177,5
98300,Camilla,SUBMISSION,VOLCANIC_ROCK_VOUCHER_9750,SEASHELLS,176,5
98500,SUBMISSION,Camilla,VOLCANIC_ROCK_VOUCHER_10000,SEASHELLS,30,2
98500,Camilla,SUBMISSION,VOLCANIC_ROCK_VOUCHER_9750,SEASHELLS,178,5
98700,Camilla,SUBMISSION,VOLCANIC_ROCK_VOUCHER_10000,SEASHELLS,33,5
98800,Camilla,SUBMISSION,VOLCANIC_ROCK_VOUCHER_10000,SEASHELLS,32,5
98900,SUBMISSION,Caesar,VOLCANIC_ROCK_VOUCHER_10000,SEASHELLS,29,1
98900,SUBMISSION,Caesar,VOLCANIC_ROCK_VOUCHER_9500,SEASHELLS,417,1
99000,SUBMISSION,Camilla,VOLCANIC_ROCK_VOUCHER_10000,SEASHELLS,29,9
99000,Camilla,SUBMISSION,VOLCANIC_ROCK_VOUCHER_9500,SEASHELLS,413,1
99000,Camilla,SUBMISSION,VOLCANIC_ROCK_VOUCHER_9750,SEASHELLS,179,5
99100,Camilla,SUBMISSION,VOLCANIC_ROCK_VOUCHER_10000,SEASHELLS,36,5
99400,Camilla,SUBMISSION,VOLCANIC_ROCK_VOUCHER_9750,SEASHELLS,178,5
99700,SUBMISSION,Caesar,VOLCANIC_ROCK_VOUCHER_10000,SEASHELLS,30,5
99700,SUBMISSION,Caesar,VOLCANIC_ROCK_VOUCHER_9500,SEASHELLS,414,5
99800,Camilla,SUBMISSION,VOLCANIC_ROCK_VOUCHER_9500,SEASHELLS,415,5
