timestamp,buyer,seller,symbol,currency,price,quantity
100,SUBMISSION,,VOLCANIC_ROCK,SEASHELLS,10165,19
100,,SUBMISSION,VOLCANIC_ROCK,SEASHELLS,10164,16
100,,SUBMISSION,VOLCANIC_ROCK,SEASHELLS,10164,19
100,SUBMISSION,,VOLCANIC_ROCK_VOUCHER_10000,SEASHELLS,181,18
100,SUBMISSION,,VOLCANIC_ROCK_VOUCHER_10000,SEASHELLS,181,1
100,SUBMISSION,,VOLCANIC_ROCK_VOUCHER_9500,SEASHELLS,665,18
100,SUBMISSION,,VOLCANIC_ROCK_VOUCHER_9500,SEASHELLS,665,1
100,,SUBMISSION,VOLCANIC_ROCK_VOUCHER_9750,SEASHELLS,416,18
100,,SUBMISSION,VOLCANIC_ROCK_VOUCHER_9750,SEASHELLS,416,1
800,,SUBMISSION,VOLCANIC_ROCK,SEASHELLS,10170,5
800,SUBMISSION,,VOLCANIC_ROCK_VOUCHER_10250,SEASHELLS,38,16
900,SUBMISSION,,VOLCANIC_ROCK,SEASHELLS,10176,4
900,,SUBMISSION,VOLCANIC_ROCK_VOUCHER_10250,SEASHELLS,39,11
900,,SUBMISSION,VOLCANIC_ROCK_VOUCHER_10250,SEASHELLS,39,1
1200,SUBMISSION,,VOLCANIC_ROCK,SEASHELLS,10170,4
1200,,SUBMISSION,VOLCANIC_ROCK_VOUCHER_10250,SEASHELLS,37,11
1200,,SUBMISSION,VOLCANIC_ROCK_VOUCHER_10250,SEASHELLS,37,2
1300,,SUBMISSION,VOLCANIC_ROCK,SEASHELLS,10170,4
1300,,SUBMISSION,VOLCANIC_ROCK,SEASHELLS,10170,2
1300,,SUBMISSION,VOLCANIC_ROCK,SEASHELLS,10170,8
1300,,SUBMISSION,VOLCANIC_ROCK,SEASHELLS,10170,0
1300,,SUBMISSION,VOLCANIC_ROCK,SEASHELLS,10170,12
1300,SUBMISSION,,VOLCANIC_ROCK_VOUCHER_10000,SEASHELLS,187,4
1300,SUBMISSION,,VOLCANIC_ROCK_VOUCHER_10000,SEASHELLS,187,8
1300,SUBMISSION,,VOLCANIC_ROCK_VOUCHER_10250,SEASHELLS,37,4
1300,SUBMISSION,,VOLCANIC_ROCK_VOUCHER_10250,SEASHELLS,37,8
1300,SUBMISSION,,VOLCANIC_ROCK_VOUCHER_9500,SEASHELLS,670,4
1300,SUBMISSION,,VOLCANIC_ROCK_VOUCHER_9500,SEASHELLS,670,8
1700,SUBMISSION,,VOLCANIC_ROCK,SEASHELLS,10173,16
1700,,SUBMISSION,VOLCANIC_ROCK,SEASHELLS,10172,13
1700,,SUBMISSION,VOLCANIC_ROCK,SEASHELLS,10172,16
1700,SUBMISSION,,VOLCANIC_ROCK_VOUCHER_10000,SEASHELLS,189,16
1700,SUBMISSION,,VOLCANIC_ROCK_VOUCHER_9500,SEASHELLS,673,16
1700,,SUBMISSION,VOLCANIC_ROCK_VOUCHER_9750,SEASHELLS,424,16
1800,SUBMISSION,,VOLCANIC_ROCK,SEASHELLS,10175,17
1800,,SUBMISSION,VOLCANIC_ROCK_VOUCHER_9500,SEASHELLS,674,16
1800,,SUBMISSION,VOLCANIC_ROCK_VOUCHER_9500,SEASHELLS,674,1
2400,SUBMISSION,,VOLCANIC_ROCK,SEASHELLS,10173,16
2400,SUBMISSION,,VOLCANIC_ROCK,SEASHELLS,10173,19
2400,SUBMISSION,,VOLCANIC_ROCK,SEASHELLS,10173,6
2400,,SUBMISSION,VOLCANIC_ROCK,SEASHELLS,10171,19
2400,,SUBMISSION,VOLCANIC_ROCK_VOUCHER_10000,SEASHELLS,189,18
2400,,SUBMISSION,VOLCANIC_ROCK_VOUCHER_10000,SEASHELLS,189,1
2400,,SUBMISSION,VOLCANIC_ROCK_VOUCHER_10250,SEASHELLS,38,18
2400,,SUBMISSION,VOLCANIC_ROCK_VOUCHER_10250,SEASHELLS,38,1
2400,,SUBMISSION,VOLCANIC_ROCK_VOUCHER_9500,SEASHELLS,672,18
2400,,SUBMISSION,VOLCANIC_ROCK_VOUCHER_9500,SEASHELLS,672,1
2400,SUBMISSION,,VOLCANIC_ROCK_VOUCHER_9750,SEASHELLS,423,18
2400,SUBMISSION,,VOLCANIC_ROCK_VOUCHER_9750,SEASHELLS,423,1
2500,,SUBMISSION,VOLCANIC_ROCK,SEASHELLS,10172,10
2500,SUBMISSION,,VOLCANIC_ROCK,SEASHELLS,10173,10
2500,,SUBMISSION,VOLCANIC_ROCK,SEASHELLS,10172,8
2500,SUBMISSION,,VOLCANIC_ROCK_VOUCHER_10000,SEASHELLS,189,10
2500,SUBMISSION,,VOLCANIC_ROCK_VOUCHER_9500,SEASHELLS,673,10
2500,,SUBMISSION,VOLCANIC_ROCK_VOUCHER_9750,SEASHELLS,424,10
2600,SUBMISSION,,VOLCANIC_ROCK,SEASHELLS,10169,11
2600,SUBMISSION,,VOLCANIC_ROCK,SEASHELLS,10169,14
2600,,SUBMISSION,VOLCANIC_ROCK,SEASHELLS,10167,14
2600,,SUBMISSION,VOLCANIC_ROCK_VOUCHER_10000,SEASHELLS,187,14
2600,,SUBMISSION,VOLCANIC_ROCK_VOUCHER_9500,SEASHELLS,668,14
2600,SUBMISSION,,VOLCANIC_ROCK_VOUCHER_9750,SEASHELLS,420,14
2700,SUBMISSION,,VOLCANIC_ROCK,SEASHELLS,10165,17
2700,,SUBMISSION,VOLCANIC_ROCK,SEASHELLS,10164,7
2700,SUBMISSION,,VOLCANIC_ROCK_VOUCHER_10000,SEASHELLS,180,8
2700,,SUBMISSION,VOLCANIC_ROCK_VOUCHER_9750,SEASHELLS,416,17
3300,SUBMISSION,,VOLCANIC_ROCK,SEASHELLS,10167,17
3300,,SUBMISSION,VOLCANIC_ROCK_VOUCHER_10000,SEASHELLS,182,18
3300,,SUBMISSION,VOLCANIC_ROCK_VOUCHER_10000,SEASHELLS,182,2
3400,SUBMISSION,,VOLCANIC_ROCK,SEASHELLS,10166,13
3400,SUBMISSION,,VOLCANIC_ROCK,SEASHELLS,10166,4
3400,,SUBMISSION,VOLCANIC_ROCK,SEASHELLS,10164,13
3400,,SUBMISSION,VOLCANIC_ROCK_VOUCHER_10250,SEASHELLS,36,13
3400,,SUBMISSION,VOLCANIC_ROCK_VOUCHER_9500,SEASHELLS,665,13
3400,SUBMISSION,,VOLCANIC_ROCK_VOUCHER_9750,SEASHELLS,417,13
3600,,SUBMISSION,VOLCANIC_ROCK,SEASHELLS,10161,17
3600,SUBMISSION,,VOLCANIC_ROCK_VOUCHER_10000,SEASHELLS,177,19
3600,SUBMISSION,,VOLCANIC_ROCK_VOUCHER_10000,SEASHELLS,177,1
3800,,SUBMISSION,VOLCANIC_ROCK,SEASHELLS,10166,6
3800,,SUBMISSION,VOLCANIC_ROCK,SEASHELLS,10166,4
3800,SUBMISSION,,VOLCANIC_ROCK_VOUCHER_10000,SEASHELLS,180,12
4800,,SUBMISSION,VOLCANIC_ROCK,SEASHELLS,10160,6
4800,SUBMISSION,,VOLCANIC_ROCK_VOUCHER_10250,SEASHELLS,35,18
4800,SUBMISSION,,VOLCANIC_ROCK_VOUCHER_10250,SEASHELLS,35,1
5100,SUBMISSION,,VOLCANIC_ROCK,SEASHELLS,10160,32
5100,,SUBMISSION,VOLCANIC_ROCK_VOUCHER_10000,SEASHELLS,179,20
5100,,SUBMISSION,VOLCANIC_ROCK_VOUCHER_10000,SEASHELLS,179,2
5100,,SUBMISSION,VOLCANIC_ROCK_VOUCHER_10000,SEASHELLS,179,18
5200,SUBMISSION,,VOLCANIC_ROCK,SEASHELLS,10154,12
5200,,SUBMISSION,VOLCANIC_ROCK,SEASHELLS,10153,12
5200,SUBMISSION,,VOLCANIC_ROCK_VOUCHER_9500,SEASHELLS,654,10
5200,SUBMISSION,,VOLCANIC_ROCK_VOUCHER_9500,SEASHELLS,654,2
5200,,SUBMISSION,VOLCANIC_ROCK_VOUCHER_9750,SEASHELLS,405,10
5200,,SUBMISSION,VOLCANIC_ROCK_VOUCHER_9750,SEASHELLS,405,2
5600,,SUBMISSION,VOLCANIC_ROCK,SEASHELLS,10159,13
5600,,SUBMISSION,VOLCANIC_ROCK,SEASHELLS,10159,11
5600,SUBMISSION,,VOLCANIC_ROCK,SEASHELLS,10160,13
5600,SUBMISSION,,VOLCANIC_ROCK_VOUCHER_10000,SEASHELLS,175,12
5600,SUBMISSION,,VOLCANIC_ROCK_VOUCHER_10000,SEASHELLS,175,1
5600,SUBMISSION,,VOLCANIC_ROCK_VOUCHER_9500,SEASHELLS,660,12
5600,SUBMISSION,,VOLCANIC_ROCK_VOUCHER_9500,SEASHELLS,660,1
5600,,SUBMISSION,VOLCANIC_ROCK_VOUCHER_9750,SEASHELLS,411,12
5600,,SUBMISSION,VOLCANIC_ROCK_VOUCHER_9750,SEASHELLS,411,1
5800,SUBMISSION,,VOLCANIC_ROCK,SEASHELLS,10159,17
5800,SUBMISSION,,VOLCANIC_ROCK,SEASHELLS,10159,14
5800,,SUBMISSION,VOLCANIC_ROCK_VOUCHER_10000,SEASHELLS,177,16
5800,,SUBMISSION,VOLCANIC_ROCK_VOUCHER_10000,SEASHELLS,177,1
5800,,SUBMISSION,VOLCANIC_ROCK_VOUCHER_9500,SEASHELLS,658,16
5800,,SUBMISSION,VOLCANIC_ROCK_VOUCHER_9500,SEASHELLS,658,1
6100,SUBMISSION,,VOLCANIC_ROCK,SEASHELLS,10161,10
6100,,SUBMISSION,VOLCANIC_ROCK_VOUCHER_10000,SEASHELLS,180,13
6300,,SUBMISSION,VOLCANIC_ROCK,SEASHELLS,10157,14
6300,,SUBMISSION,VOLCANIC_ROCK,SEASHELLS,10157,11
6300,SUBMISSION,,VOLCANIC_ROCK,SEASHELLS,10158,14
6300,SUBMISSION,,VOLCANIC_ROCK_VOUCHER_10000,SEASHELLS,175,14
6300,SUBMISSION,,VOLCANIC_ROCK_VOUCHER_9500,SEASHELLS,658,14
6300,,SUBMISSION,VOLCANIC_ROCK_VOUCHER_9750,SEASHELLS,409,14
6500,SUBMISSION,,VOLCANIC_ROCK,SEASHELLS,10157,12
6500,,SUBMISSION,VOLCANIC_ROCK_VOUCHER_9750,SEASHELLS,408,12
6700,SUBMISSION,,VOLCANIC_ROCK,SEASHELLS,10159,12
6700,,SUBMISSION,VOLCANIC_ROCK,SEASHELLS,10158,12
6700,,SUBMISSION,VOLCANIC_ROCK_VOUCHER_9500,SEASHELLS,659,12
6700,SUBMISSION,,VOLCANIC_ROCK_VOUCHER_9750,SEASHELLS,411,12
6900,SUBMISSION,,VOLCANIC_ROCK,SEASHELLS,10162,15
6900,,SUBMISSION,VOLCANIC_ROCK,SEASHELLS,10161,2
6900,SUBMISSION,,VOLCANIC_ROCK_VOUCHER_9500,SEASHELLS,662,2
6900,,SUBMISSION,VOLCANIC_ROCK_VOUCHER_9750,SEASHELLS,413,13
6900,,SUBMISSION,VOLCANIC_ROCK_VOUCHER_9750,SEASHELLS,413,2
7400,SUBMISSION,,VOLCANIC_ROCK,SEASHELLS,10162,8
7400,,SUBMISSION,VOLCANIC_ROCK_VOUCHER_10000,SEASHELLS,181,10
7700,,SUBMISSION,VOLCANIC_ROCK,SEASHELLS,10164,13
7700,,SUBMISSION,VOLCANIC_ROCK,SEASHELLS,10164,11
7700,SUBMISSION,,VOLCANIC_ROCK,SEASHELLS,10165,13
7700,SUBMISSION,,VOLCANIC_ROCK_VOUCHER_10000,SEASHELLS,180,13
7700,SUBMISSION,,VOLCANIC_ROCK_VOUCHER_9500,SEASHELLS,665,13
7700,,SUBMISSION,VOLCANIC_ROCK_VOUCHER_9750,SEASHELLS,416,13
8100,,SUBMISSION,VOLCANIC_ROCK,SEASHELLS,10164,4
8100,SUBMISSION,,VOLCANIC_ROCK_VOUCHER_10250,SEASHELLS,36,12
8500,SUBMISSION,,VOLCANIC_ROCK,SEASHELLS,10170,20
8500,,SUBMISSION,VOLCANIC_ROCK,SEASHELLS,10169,20
8500,SUBMISSION,,VOLCANIC_ROCK,SEASHELLS,10170,17
8500,,SUBMISSION,VOLCANIC_ROCK_VOUCHER_10000,SEASHELLS,186,18
8500,,SUBMISSION,VOLCANIC_ROCK_VOUCHER_10000,SEASHELLS,186,2
8500,,SUBMISSION,VOLCANIC_ROCK_VOUCHER_9500,SEASHELLS,669,18
8500,,SUBMISSION,VOLCANIC_ROCK_VOUCHER_9500,SEASHELLS,669,2
8500,SUBMISSION,,VOLCANIC_ROCK_VOUCHER_9750,SEASHELLS,421,18
8500,SUBMISSION,,VOLCANIC_ROCK_VOUCHER_9750,SEASHELLS,421,2
8700,,SUBMISSION,VOLCANIC_ROCK,SEASHELLS,10164,4
8700,SUBMISSION,,VOLCANIC_ROCK_VOUCHER_10250,SEASHELLS,36,10
8700,SUBMISSION,,VOLCANIC_ROCK_VOUCHER_10250,SEASHELLS,36,2
8900,SUBMISSION,,VOLCANIC_ROCK,SEASHELLS,10165,22
8900,,SUBMISSION,VOLCANIC_ROCK_VOUCHER_10000,SEASHELLS,183,12
8900,,SUBMISSION,VOLCANIC_ROCK_VOUCHER_10000,SEASHELLS,183,1
8900,,SUBMISSION,VOLCANIC_ROCK_VOUCHER_10000,SEASHELLS,183,14
9300,SUBMISSION,,VOLCANIC_ROCK,SEASHELLS,10164,20
9300,,SUBMISSION,VOLCANIC_ROCK,SEASHELLS,10163,18
9300,,SUBMISSION,VOLCANIC_ROCK,SEASHELLS,10163,1
9300,SUBMISSION,,VOLCANIC_ROCK_VOUCHER_10000,SEASHELLS,179,20
9300,SUBMISSION,,VOLCANIC_ROCK_VOUCHER_10000,SEASHELLS,179,1
9300,SUBMISSION,,VOLCANIC_ROCK_VOUCHER_9500,SEASHELLS,664,1
9300,,SUBMISSION,VOLCANIC_ROCK_VOUCHER_9750,SEASHELLS,415,20
9300,,SUBMISSION,VOLCANIC_ROCK_VOUCHER_9750,SEASHELLS,415,1
9400,SUBMISSION,,VOLCANIC_ROCK,SEASHELLS,10164,20
9400,SUBMISSION,,VOLCANIC_ROCK,SEASHELLS,10164,6
9400,,SUBMISSION,VOLCANIC_ROCK_VOUCHER_10250,SEASHELLS,35,19
9400,,SUBMISSION,VOLCANIC_ROCK_VOUCHER_10250,SEASHELLS,35,1
9400,,SUBMISSION,VOLCANIC_ROCK_VOUCHER_9500,SEASHELLS,663,19
9400,,SUBMISSION,VOLCANIC_ROCK_VOUCHER_9500,SEASHELLS,663,1
9500,SUBMISSION,,VOLCANIC_ROCK,SEASHELLS,10158,18
9500,SUBMISSION,,VOLCANIC_ROCK,SEASHELLS,10158,15
9500,,SUBMISSION,VOLCANIC_ROCK,SEASHELLS,10157,18
9500,,SUBMISSION,VOLCANIC_ROCK_VOUCHER_10000,SEASHELLS,176,18
9500,,SUBMISSION,VOLCANIC_ROCK_VOUCHER_9500,SEASHELLS,657,18
9500,SUBMISSION,,VOLCANIC_ROCK_VOUCHER_9750,SEASHELLS,409,18
9800,,SUBMISSION,VOLCANIC_ROCK,SEASHELLS,10160,6
9800,SUBMISSION,,VOLCANIC_ROCK_VOUCHER_10250,SEASHELLS,35,19
9800,SUBMISSION,,VOLCANIC_ROCK_VOUCHER_10250,SEASHELLS,35,1
10300,,SUBMISSION,VOLCANIC_ROCK,SEASHELLS,10161,5
10300,SUBMISSION,,VOLCANIC_ROCK_VOUCHER_10250,SEASHELLS,35,16
10300,SUBMISSION,,VOLCANIC_ROCK_VOUCHER_10250,SEASHELLS,35,1
10400,SUBMISSION,,VOLCANIC_ROCK,SEASHELLS,10162,8
10400,,SUBMISSION,VOLCANIC_ROCK_VOUCHER_10250,SEASHELLS,34,15
10400,,SUBMISSION,VOLCANIC_ROCK_VOUCHER_10250,SEASHELLS,34,11
10500,,SUBMISSION,VOLCANIC_ROCK,SEASHELLS,10163,18
10500,SUBMISSION,,VOLCANIC_ROCK,SEASHELLS,10165,14
10500,,SUBMISSION,VOLCANIC_ROCK_VOUCHER_10000,SEASHELLS,185,16
10500,,SUBMISSION,VOLCANIC_ROCK_VOUCHER_10000,SEASHELLS,185,2
10500,SUBMISSION,,VOLCANIC_ROCK_VOUCHER_9750,SEASHELLS,416,16
10500,SUBMISSION,,VOLCANIC_ROCK_VOUCHER_9750,SEASHELLS,416,2
10700,SUBMISSION,,VOLCANIC_ROCK,SEASHELLS,10165,5
10700,,SUBMISSION,VOLCANIC_ROCK_VOUCHER_10250,SEASHELLS,35,17
10900,,SUBMISSION,VOLCANIC_ROCK,SEASHELLS,10164,22
10900,,SUBMISSION,VOLCANIC_ROCK,SEASHELLS,10164,18
10900,SUBMISSION,,VOLCANIC_ROCK,SEASHELLS,10165,21
10900,SUBMISSION,,VOLCANIC_ROCK_VOUCHER_10000,SEASHELLS,181,20
10900,SUBMISSION,,VOLCANIC_ROCK_VOUCHER_10000,SEASHELLS,181,2
10900,SUBMISSION,,VOLCANIC_ROCK_VOUCHER_9500,SEASHELLS,665,20
10900,SUBMISSION,,VOLCANIC_ROCK_VOUCHER_9500,SEASHELLS,665,2
10900,,SUBMISSION,VOLCANIC_ROCK_VOUCHER_9750,SEASHELLS,416,20
10900,,SUBMISSION,VOLCANIC_ROCK_VOUCHER_9750,SEASHELLS,416,2
11500,SUBMISSION,,VOLCANIC_ROCK,SEASHELLS,10164,14
11500,,SUBMISSION,VOLCANIC_ROCK_VOUCHER_10000,SEASHELLS,183,17
11600,,SUBMISSION,VOLCANIC_ROCK,SEASHELLS,10161,4
11600,,SUBMISSION,VOLCANIC_ROCK,SEASHELLS,10161,12
11600,SUBMISSION,,VOLCANIC_ROCK,SEASHELLS,10163,12
11600,SUBMISSION,,VOLCANIC_ROCK_VOUCHER_10250,SEASHELLS,36,12
11600,SUBMISSION,,VOLCANIC_ROCK_VOUCHER_9500,SEASHELLS,662,12
11600,,SUBMISSION,VOLCANIC_ROCK_VOUCHER_9750,SEASHELLS,412,12
11900,SUBMISSION,,VOLCANIC_ROCK,SEASHELLS,10148,4
11900,,SUBMISSION,VOLCANIC_ROCK_VOUCHER_10250,SEASHELLS,30,15
12000,SUBMISSION,,VOLCANIC_ROCK,SEASHELLS,10138,18
12000,,SUBMISSION,VOLCANIC_ROCK,SEASHELLS,10137,18
12000,,SUBMISSION,VOLCANIC_ROCK_VOUCHER_9500,SEASHELLS,638,18
12000,SUBMISSION,,VOLCANIC_ROCK_VOUCHER_9750,SEASHELLS,390,18
12100,SUBMISSION,,VOLCANIC_ROCK,SEASHELLS,10144,23
12100,SUBMISSION,,VOLCANIC_ROCK,SEASHELLS,10144,16
12100,,SUBMISSION,VOLCANIC_ROCK,SEASHELLS,10143,13
12100,,SUBMISSION,VOLCANIC_ROCK_VOUCHER_10000,SEASHELLS,166,11
12100,,SUBMISSION,VOLCANIC_ROCK_VOUCHER_10000,SEASHELLS,166,2
12100,,SUBMISSION,VOLCANIC_ROCK_VOUCHER_10000,SEASHELLS,166,16
12100,,SUBMISSION,VOLCANIC_ROCK_VOUCHER_9500,SEASHELLS,644,16
12100,SUBMISSION,,VOLCANIC_ROCK_VOUCHER_9750,SEASHELLS,396,11
12100,SUBMISSION,,VOLCANIC_ROCK_VOUCHER_9750,SEASHELLS,396,2
12300,,SUBMISSION,VOLCANIC_ROCK,SEASHELLS,10150,20
12300,SUBMISSION,,VOLCANIC_ROCK,SEASHELLS,10151,19
12300,SUBMISSION,,VOLCANIC_ROCK_VOUCHER_9500,SEASHELLS,651,18
12300,SUBMISSION,,VOLCANIC_ROCK_VOUCHER_9500,SEASHELLS,651,2
12300,,SUBMISSION,VOLCANIC_ROCK_VOUCHER_9750,SEASHELLS,402,18
12300,,SUBMISSION,VOLCANIC_ROCK_VOUCHER_9750,SEASHELLS,402,2
12400,SUBMISSION,,VOLCANIC_ROCK,SEASHELLS,10146,4
12400,,SUBMISSION,VOLCANIC_ROCK_VOUCHER_10250,SEASHELLS,30,13
12400,,SUBMISSION,VOLCANIC_ROCK_VOUCHER_10250,SEASHELLS,30,2
12600,,SUBMISSION,VOLCANIC_ROCK,SEASHELLS,10127,14
12600,SUBMISSION,,VOLCANIC_ROCK,SEASHELLS,10128,14
12600,,SUBMISSION,VOLCANIC_ROCK,SEASHELLS,10127,3
12600,SUBMISSION,,VOLCANIC_ROCK_VOUCHER_10250,SEASHELLS,26,14
12600,SUBMISSION,,VOLCANIC_ROCK_VOUCHER_9500,SEASHELLS,628,14
12600,,SUBMISSION,VOLCANIC_ROCK_VOUCHER_9750,SEASHELLS,380,14
12800,SUBMISSION,,VOLCANIC_ROCK,SEASHELLS,10114,18
12800,,SUBMISSION,VOLCANIC_ROCK_VOUCHER_9500,SEASHELLS,613,16
12800,,SUBMISSION,VOLCANIC_ROCK_VOUCHER_9500,SEASHELLS,613,2
13600,,SUBMISSION,VOLCANIC_ROCK,SEASHELLS,10114,12
13600,SUBMISSION,,VOLCANIC_ROCK,SEASHELLS,10116,12
13600,SUBMISSION,,VOLCANIC_ROCK,SEASHELLS,10116,9
13600,,SUBMISSION,VOLCANIC_ROCK_VOUCHER_10000,SEASHELLS,141,11
13600,,SUBMISSION,VOLCANIC_ROCK_VOUCHER_10000,SEASHELLS,141,1
13600,,SUBMISSION,VOLCANIC_ROCK_VOUCHER_9500,SEASHELLS,615,11
13600,,SUBMISSION,VOLCANIC_ROCK_VOUCHER_9500,SEASHELLS,615,1
13600,SUBMISSION,,VOLCANIC_ROCK_VOUCHER_9750,SEASHELLS,367,11
13600,SUBMISSION,,VOLCANIC_ROCK_VOUCHER_9750,SEASHELLS,367,1
14000,SUBMISSION,,VOLCANIC_ROCK,SEASHELLS,10118,17
14000,SUBMISSION,,VOLCANIC_ROCK,SEASHELLS,10118,13
14000,,SUBMISSION,VOLCANIC_ROCK,SEASHELLS,10117,6
14000,,SUBMISSION,VOLCANIC_ROCK,SEASHELLS,10117,11
14000,,SUBMISSION,VOLCANIC_ROCK_VOUCHER_10000,SEASHELLS,145,16
14000,,SUBMISSION,VOLCANIC_ROCK_VOUCHER_10000,SEASHELLS,145,1
14000,,SUBMISSION,VOLCANIC_ROCK_VOUCHER_9500,SEASHELLS,618,16
14000,,SUBMISSION,VOLCANIC_ROCK_VOUCHER_9500,SEASHELLS,618,1
14000,SUBMISSION,,VOLCANIC_ROCK_VOUCHER_9750,SEASHELLS,370,16
14000,SUBMISSION,,VOLCANIC_ROCK_VOUCHER_9750,SEASHELLS,370,1
14100,,SUBMISSION,VOLCANIC_ROCK,SEASHELLS,10120,11
14100,SUBMISSION,,VOLCANIC_ROCK,SEASHELLS,10122,11
14100,,SUBMISSION,VOLCANIC_ROCK,SEASHELLS,10120,3
14100,SUBMISSION,,VOLCANIC_ROCK_VOUCHER_10250,SEASHELLS,25,10
14100,SUBMISSION,,VOLCANIC_ROCK_VOUCHER_10250,SEASHELLS,25,1
14100,SUBMISSION,,VOLCANIC_ROCK_VOUCHER_9500,SEASHELLS,621,10
14100,SUBMISSION,,VOLCANIC_ROCK_VOUCHER_9500,SEASHELLS,621,1
14100,,SUBMISSION,VOLCANIC_ROCK_VOUCHER_9750,SEASHELLS,372,10
14100,,SUBMISSION,VOLCANIC_ROCK_VOUCHER_9750,SEASHELLS,372,1
16300,,SUBMISSION,VOLCANIC_ROCK,SEASHELLS,10132,5
16300,SUBMISSION,,VOLCANIC_ROCK_VOUCHER_10250,SEASHELLS,27,19
16400,,SUBMISSION,VOLCANIC_ROCK,SEASHELLS,10135,13
16400,SUBMISSION,,VOLCANIC_ROCK_VOUCHER_10000,SEASHELLS,156,16
16800,,SUBMISSION,VOLCANIC_ROCK,SEASHELLS,10142,22
16800,SUBMISSION,,VOLCANIC_ROCK,SEASHELLS,10144,31
16800,SUBMISSION,,VOLCANIC_ROCK,SEASHELLS,10144,40
16800,,SUBMISSION,VOLCANIC_ROCK_VOUCHER_10000,SEASHELLS,165,20
16800,,SUBMISSION,VOLCANIC_ROCK_VOUCHER_10000,SEASHELLS,165,2
16800,,SUBMISSION,VOLCANIC_ROCK_VOUCHER_10000,SEASHELLS,165,18
16800,,SUBMISSION,VOLCANIC_ROCK_VOUCHER_9500,SEASHELLS,643,20
16800,,SUBMISSION,VOLCANIC_ROCK_VOUCHER_9500,SEASHELLS,643,2
16800,,SUBMISSION,VOLCANIC_ROCK_VOUCHER_9500,SEASHELLS,643,18
16800,SUBMISSION,,VOLCANIC_ROCK_VOUCHER_9750,SEASHELLS,395,20
16800,SUBMISSION,,VOLCANIC_ROCK_VOUCHER_9750,SEASHELLS,395,2
17000,,SUBMISSION,VOLCANIC_ROCK,SEASHELLS,10148,1
17000,,SUBMISSION,VOLCANIC_ROCK,SEASHELLS,10148,4
17000,,SUBMISSION,VOLCANIC_ROCK,SEASHELLS,10148,5
17000,SUBMISSION,,VOLCANIC_ROCK_VOUCHER_10000,SEASHELLS,166,5
17000,SUBMISSION,,VOLCANIC_ROCK_VOUCHER_10250,SEASHELLS,30,5
17000,SUBMISSION,,VOLCANIC_ROCK_VOUCHER_9500,SEASHELLS,648,5
17200,,SUBMISSION,VOLCANIC_ROCK,SEASHELLS,10147,14
17200,SUBMISSION,,VOLCANIC_ROCK,SEASHELLS,10149,8
17200,SUBMISSION,,VOLCANIC_ROCK,SEASHELLS,10149,24
17200,,SUBMISSION,VOLCANIC_ROCK_VOUCHER_10000,SEASHELLS,170,10
17200,,SUBMISSION,VOLCANIC_ROCK_VOUCHER_9500,SEASHELLS,648,13
17200,,SUBMISSION,VOLCANIC_ROCK_VOUCHER_9500,SEASHELLS,648,1
17200,,SUBMISSION,VOLCANIC_ROCK_VOUCHER_9500,SEASHELLS,648,10
17200,SUBMISSION,,VOLCANIC_ROCK_VOUCHER_9750,SEASHELLS,400,13
17200,SUBMISSION,,VOLCANIC_ROCK_VOUCHER_9750,SEASHELLS,400,1
17600,SUBMISSION,,VOLCANIC_ROCK,SEASHELLS,10140,4
17600,,SUBMISSION,VOLCANIC_ROCK_VOUCHER_10250,SEASHELLS,28,13
17600,,SUBMISSION,VOLCANIC_ROCK_VOUCHER_10250,SEASHELLS,28,1
17900,SUBMISSION,,VOLCANIC_ROCK,SEASHELLS,10138,16
17900,,SUBMISSION,VOLCANIC_ROCK,SEASHELLS,10136,16
17900,,SUBMISSION,VOLCANIC_ROCK_VOUCHER_9500,SEASHELLS,637,16
17900,SUBMISSION,,VOLCANIC_ROCK_VOUCHER_9750,SEASHELLS,389,16
18200,,SUBMISSION,VOLCANIC_ROCK,SEASHELLS,10137,14
18200,SUBMISSION,,VOLCANIC_ROCK,SEASHELLS,10139,14
18200,SUBMISSION,,VOLCANIC_ROCK,SEASHELLS,10139,11
18200,,SUBMISSION,VOLCANIC_ROCK_VOUCHER_10000,SEASHELLS,162,12
18200,,SUBMISSION,VOLCANIC_ROCK_VOUCHER_10000,SEASHELLS,162,2
18200,,SUBMISSION,VOLCANIC_ROCK_VOUCHER_9500,SEASHELLS,638,12
18200,,SUBMISSION,VOLCANIC_ROCK_VOUCHER_9500,SEASHELLS,638,2
18200,SUBMISSION,,VOLCANIC_ROCK_VOUCHER_9750,SEASHELLS,390,12
18200,SUBMISSION,,VOLCANIC_ROCK_VOUCHER_9750,SEASHELLS,390,2
18700,SUBMISSION,,VOLCANIC_ROCK,SEASHELLS,10134,18
18700,,SUBMISSION,VOLCANIC_ROCK,SEASHELLS,10132,18
18700,SUBMISSION,,VOLCANIC_ROCK,SEASHELLS,10134,14
18700,,SUBMISSION,VOLCANIC_ROCK_VOUCHER_10000,SEASHELLS,157,17
18700,,SUBMISSION,VOLCANIC_ROCK_VOUCHER_10000,SEASHELLS,157,1
18700,,SUBMISSION,VOLCANIC_ROCK_VOUCHER_9500,SEASHELLS,633,17
18700,,SUBMISSION,VOLCANIC_ROCK_VOUCHER_9500,SEASHELLS,633,1
18700,SUBMISSION,,VOLCANIC_ROCK_VOUCHER_9750,SEASHELLS,385,17
18700,SUBMISSION,,VOLCANIC_ROCK_VOUCHER_9750,SEASHELLS,385,1
19000,,SUBMISSION,VOLCANIC_ROCK,SEASHELLS,10135,16
19000,SUBMISSION,,VOLCANIC_ROCK,SEASHELLS,10136,34
19000,,SUBMISSION,VOLCANIC_ROCK,SEASHELLS,10135,21
19000,SUBMISSION,,VOLCANIC_ROCK_VOUCHER_10000,SEASHELLS,159,20
19000,SUBMISSION,,VOLCANIC_ROCK_VOUCHER_10000,SEASHELLS,159,1
19000,SUBMISSION,,VOLCANIC_ROCK_VOUCHER_9500,SEASHELLS,636,20
19000,SUBMISSION,,VOLCANIC_ROCK_VOUCHER_9500,SEASHELLS,636,1
19000,,SUBMISSION,VOLCANIC_ROCK_VOUCHER_9750,SEASHELLS,388,20
19000,,SUBMISSION,VOLCANIC_ROCK_VOUCHER_9750,SEASHELLS,388,1
19000,,SUBMISSION,VOLCANIC_ROCK_VOUCHER_9750,SEASHELLS,388,14
19100,SUBMISSION,,VOLCANIC_ROCK,SEASHELLS,10131,12
19100,,SUBMISSION,VOLCANIC_ROCK,SEASHELLS,10129,12
19100,SUBMISSION,,VOLCANIC_ROCK,SEASHELLS,10131,9
19100,,SUBMISSION,VOLCANIC_ROCK_VOUCHER_10000,SEASHELLS,155,11
19100,,SUBMISSION,VOLCANIC_ROCK_VOUCHER_10000,SEASHELLS,155,1
19100,,SUBMISSION,VOLCANIC_ROCK_VOUCHER_9500,SEASHELLS,630,11
19100,,SUBMISSION,VOLCANIC_ROCK_VOUCHER_9500,SEASHELLS,630,1
19100,SUBMISSION,,VOLCANIC_ROCK_VOUCHER_9750,SEASHELLS,382,11
19100,SUBMISSION,,VOLCANIC_ROCK_VOUCHER_9750,SEASHELLS,382,1
19300,SUBMISSION,,VOLCANIC_ROCK,SEASHELLS,10136,8
19300,,SUBMISSION,VOLCANIC_ROCK,SEASHELLS,10134,11
19300,SUBMISSION,,VOLCANIC_ROCK,SEASHELLS,10136,11
19300,,SUBMISSION,VOLCANIC_ROCK_VOUCHER_10000,SEASHELLS,159,10
19300,,SUBMISSION,VOLCANIC_ROCK_VOUCHER_10000,SEASHELLS,159,1
19300,,SUBMISSION,VOLCANIC_ROCK_VOUCHER_9500,SEASHELLS,635,10
19300,,SUBMISSION,VOLCANIC_ROCK_VOUCHER_9500,SEASHELLS,635,1
19300,SUBMISSION,,VOLCANIC_ROCK_VOUCHER_9750,SEASHELLS,387,10
19300,SUBMISSION,,VOLCANIC_ROCK_VOUCHER_9750,SEASHELLS,387,1
19600,SUBMISSION,,VOLCANIC_ROCK,SEASHELLS,10135,4
19600,,SUBMISSION,VOLCANIC_ROCK_VOUCHER_10250,SEASHELLS,27,14
19600,,SUBMISSION,VOLCANIC_ROCK_VOUCHER_10250,SEASHELLS,27,2
20200,SUBMISSION,,VOLCANIC_ROCK,SEASHELLS,10144,20
20200,SUBMISSION,,VOLCANIC_ROCK,SEASHELLS,10144,16
20200,,SUBMISSION,VOLCANIC_ROCK,SEASHELLS,10142,13
20200,,SUBMISSION,VOLCANIC_ROCK_VOUCHER_10000,SEASHELLS,165,12
20200,,SUBMISSION,VOLCANIC_ROCK_VOUCHER_10000,SEASHELLS,165,1
20200,,SUBMISSION,VOLCANIC_ROCK_VOUCHER_10000,SEASHELLS,165,7
20200,,SUBMISSION,VOLCANIC_ROCK_VOUCHER_9500,SEASHELLS,643,12
20200,,SUBMISSION,VOLCANIC_ROCK_VOUCHER_9500,SEASHELLS,643,1
20200,,SUBMISSION,VOLCANIC_ROCK_VOUCHER_9500,SEASHELLS,643,7
20200,SUBMISSION,,VOLCANIC_ROCK_VOUCHER_9750,SEASHELLS,395,12
20200,SUBMISSION,,VOLCANIC_ROCK_VOUCHER_9750,SEASHELLS,395,1
20900,,SUBMISSION,VOLCANIC_ROCK,SEASHELLS,10141,11
20900,SUBMISSION,,VOLCANIC_ROCK_VOUCHER_10000,SEASHELLS,160,14
21100,SUBMISSION,,VOLCANIC_ROCK,SEASHELLS,10145,16
21100,,SUBMISSION,VOLCANIC_ROCK_VOUCHER_9750,SEASHELLS,395,15
21100,,SUBMISSION,VOLCANIC_ROCK_VOUCHER_9750,SEASHELLS,395,1
21200,SUBMISSION,,VOLCANIC_ROCK,SEASHELLS,10145,15
21200,,SUBMISSION,VOLCANIC_ROCK,SEASHELLS,10143,15
21200,SUBMISSION,,VOLCANIC_ROCK,SEASHELLS,10145,12
21200,,SUBMISSION,VOLCANIC_ROCK_VOUCHER_10000,SEASHELLS,167,15
21200,,SUBMISSION,VOLCANIC_ROCK_VOUCHER_9500,SEASHELLS,644,15
21200,SUBMISSION,,VOLCANIC_ROCK_VOUCHER_9750,SEASHELLS,396,15
21400,SUBMISSION,,VOLCANIC_ROCK,SEASHELLS,10148,5
21400,,SUBMISSION,VOLCANIC_ROCK_VOUCHER_10250,SEASHELLS,30,18
21500,,SUBMISSION,VOLCANIC_ROCK,SEASHELLS,10146,15
21500,SUBMISSION,,VOLCANIC_ROCK_VOUCHER_10000,SEASHELLS,165,17
21500,SUBMISSION,,VOLCANIC_ROCK_VOUCHER_10000,SEASHELLS,165,2
21700,SUBMISSION,,VOLCANIC_ROCK,SEASHELLS,10149,13
21700,,SUBMISSION,VOLCANIC_ROCK,SEASHELLS,10147,16
21700,SUBMISSION,,VOLCANIC_ROCK,SEASHELLS,10149,16
21700,,SUBMISSION,VOLCANIC_ROCK_VOUCHER_10000,SEASHELLS,172,14
21700,,SUBMISSION,VOLCANIC_ROCK_VOUCHER_10000,SEASHELLS,172,2
21700,,SUBMISSION,VOLCANIC_ROCK_VOUCHER_9500,SEASHELLS,648,14
21700,,SUBMISSION,VOLCANIC_ROCK_VOUCHER_9500,SEASHELLS,648,2
21700,SUBMISSION,,VOLCANIC_ROCK_VOUCHER_9750,SEASHELLS,400,14
21700,SUBMISSION,,VOLCANIC_ROCK_VOUCHER_9750,SEASHELLS,400,2
21900,,SUBMISSION,VOLCANIC_ROCK,SEASHELLS,10144,10
21900,SUBMISSION,,VOLCANIC_ROCK_VOUCHER_10000,SEASHELLS,164,13
22200,,SUBMISSION,VOLCANIC_ROCK,SEASHELLS,10140,14
22200,SUBMISSION,,VOLCANIC_ROCK_VOUCHER_10000,SEASHELLS,159,16
22200,SUBMISSION,,VOLCANIC_ROCK_VOUCHER_10000,SEASHELLS,159,1
22300,SUBMISSION,,VOLCANIC_ROCK,SEASHELLS,10137,25
22300,,SUBMISSION,VOLCANIC_ROCK_VOUCHER_10000,SEASHELLS,162,11
22300,,SUBMISSION,VOLCANIC_ROCK_VOUCHER_10000,SEASHELLS,162,2
22300,,SUBMISSION,VOLCANIC_ROCK_VOUCHER_10000,SEASHELLS,162,20
22400,,SUBMISSION,VOLCANIC_ROCK,SEASHELLS,10137,15
22400,SUBMISSION,,VOLCANIC_ROCK_VOUCHER_10000,SEASHELLS,158,19
22500,,SUBMISSION,VOLCANIC_ROCK,SEASHELLS,10138,8
22500,SUBMISSION,,VOLCANIC_ROCK_VOUCHER_10000,SEASHELLS,158,10
23000,SUBMISSION,,VOLCANIC_ROCK,SEASHELLS,10142,18
23000,,SUBMISSION,VOLCANIC_ROCK_VOUCHER_9750,SEASHELLS,393,18
23200,SUBMISSION,,VOLCANIC_ROCK,SEASHELLS,10146,14
23200,,SUBMISSION,VOLCANIC_ROCK,SEASHELLS,10144,18
23200,,SUBMISSION,VOLCANIC_ROCK_VOUCHER_10000,SEASHELLS,168,17
23200,,SUBMISSION,VOLCANIC_ROCK_VOUCHER_10000,SEASHELLS,168,1
23200,SUBMISSION,,VOLCANIC_ROCK_VOUCHER_9750,SEASHELLS,397,17
23200,SUBMISSION,,VOLCANIC_ROCK_VOUCHER_9750,SEASHELLS,397,1
23300,SUBMISSION,,VOLCANIC_ROCK,SEASHELLS,10146,4
23300,,SUBMISSION,VOLCANIC_ROCK_VOUCHER_10250,SEASHELLS,30,14
23400,SUBMISSION,,VOLCANIC_ROCK,SEASHELLS,10146,4
23400,,SUBMISSION,VOLCANIC_ROCK_VOUCHER_10250,SEASHELLS,30,13
23400,,SUBMISSION,VOLCANIC_ROCK_VOUCHER_10250,SEASHELLS,30,1
23500,SUBMISSION,,VOLCANIC_ROCK,SEASHELLS,10143,20
23500,,SUBMISSION,VOLCANIC_ROCK_VOUCHER_9750,SEASHELLS,394,19
23500,,SUBMISSION,VOLCANIC_ROCK_VOUCHER_9750,SEASHELLS,394,2
23800,SUBMISSION,,VOLCANIC_ROCK,SEASHELLS,10144,6
23800,,SUBMISSION,VOLCANIC_ROCK_VOUCHER_10250,SEASHELLS,29,20
23800,,SUBMISSION,VOLCANIC_ROCK_VOUCHER_10250,SEASHELLS,29,2
23900,SUBMISSION,,VOLCANIC_ROCK,SEASHELLS,10140,3
23900,,SUBMISSION,VOLCANIC_ROCK_VOUCHER_10250,SEASHELLS,28,12
24100,SUBMISSION,,VOLCANIC_ROCK,SEASHELLS,10144,4
24100,,SUBMISSION,VOLCANIC_ROCK_VOUCHER_10250,SEASHELLS,29,14
24100,,SUBMISSION,VOLCANIC_ROCK_VOUCHER_10250,SEASHELLS,29,1
24200,,SUBMISSION,VOLCANIC_ROCK,SEASHELLS,10144,20
24200,SUBMISSION,,VOLCANIC_ROCK_VOUCHER_9750,SEASHELLS,397,19
24200,SUBMISSION,,VOLCANIC_ROCK_VOUCHER_9750,SEASHELLS,397,1
24600,,SUBMISSION,VOLCANIC_ROCK,SEASHELLS,10147,14
24600,SUBMISSION,,VOLCANIC_ROCK_VOUCHER_9750,SEASHELLS,399,14
24900,,SUBMISSION,VOLCANIC_ROCK,SEASHELLS,10142,11
24900,SUBMISSION,,VOLCANIC_ROCK,SEASHELLS,10143,3
24900,,SUBMISSION,VOLCANIC_ROCK_VOUCHER_10250,SEASHELLS,29,10
24900,,SUBMISSION,VOLCANIC_ROCK_VOUCHER_10250,SEASHELLS,29,1
24900,SUBMISSION,,VOLCANIC_ROCK_VOUCHER_9750,SEASHELLS,394,10
24900,SUBMISSION,,VOLCANIC_ROCK_VOUCHER_9750,SEASHELLS,394,1
25000,,SUBMISSION,VOLCANIC_ROCK,SEASHELLS,10142,14
25000,SUBMISSION,,VOLCANIC_ROCK_VOUCHER_10000,SEASHELLS,162,18
26000,SUBMISSION,,VOLCANIC_ROCK,SEASHELLS,10147,6
26000,,SUBMISSION,VOLCANIC_ROCK_VOUCHER_10250,SEASHELLS,30,18
26000,,SUBMISSION,VOLCANIC_ROCK_VOUCHER_10250,SEASHELLS,30,2
27100,,SUBMISSION,VOLCANIC_ROCK,SEASHELLS,10140,2
27100,SUBMISSION,,VOLCANIC_ROCK_VOUCHER_10000,SEASHELLS,160,3
27300,SUBMISSION,,VOLCANIC_ROCK,SEASHELLS,10139,4
27300,,SUBMISSION,VOLCANIC_ROCK_VOUCHER_10250,SEASHELLS,28,12
27300,,SUBMISSION,VOLCANIC_ROCK_VOUCHER_10250,SEASHELLS,28,2
27600,SUBMISSION,,VOLCANIC_ROCK,SEASHELLS,10143,9
27600,,SUBMISSION,VOLCANIC_ROCK_VOUCHER_10250,SEASHELLS,29,19
27600,,SUBMISSION,VOLCANIC_ROCK_VOUCHER_10250,SEASHELLS,29,2
27600,,SUBMISSION,VOLCANIC_ROCK_VOUCHER_10250,SEASHELLS,29,13
27800,,SUBMISSION,VOLCANIC_ROCK,SEASHELLS,10143,13
27800,SUBMISSION,,VOLCANIC_ROCK_VOUCHER_10000,SEASHELLS,163,14
27800,SUBMISSION,,VOLCANIC_ROCK_VOUCHER_10000,SEASHELLS,163,2
27900,SUBMISSION,,VOLCANIC_ROCK,SEASHELLS,10146,4
27900,,SUBMISSION,VOLCANIC_ROCK_VOUCHER_10250,SEASHELLS,30,15
28700,SUBMISSION,,VOLCANIC_ROCK,SEASHELLS,10155,18
28700,,SUBMISSION,VOLCANIC_ROCK_VOUCHER_9750,SEASHELLS,405,17
28700,,SUBMISSION,VOLCANIC_ROCK_VOUCHER_9750,SEASHELLS,405,1
28900,,SUBMISSION,VOLCANIC_ROCK,SEASHELLS,10154,15
28900,SUBMISSION,,VOLCANIC_ROCK,SEASHELLS,10155,15
28900,SUBMISSION,,VOLCANIC_ROCK_VOUCHER_9500,SEASHELLS,655,14
28900,SUBMISSION,,VOLCANIC_ROCK_VOUCHER_9500,SEASHELLS,655,1
28900,,SUBMISSION,VOLCANIC_ROCK_VOUCHER_9750,SEASHELLS,406,14
28900,,SUBMISSION,VOLCANIC_ROCK_VOUCHER_9750,SEASHELLS,406,1
29300,,SUBMISSION,VOLCANIC_ROCK,SEASHELLS,10155,5
29300,SUBMISSION,,VOLCANIC_ROCK_VOUCHER_10250,SEASHELLS,33,16
29400,,SUBMISSION,VOLCANIC_ROCK,SEASHELLS,10159,11
29400,SUBMISSION,,VOLCANIC_ROCK,SEASHELLS,10160,11
29400,SUBMISSION,,VOLCANIC_ROCK,SEASHELLS,10160,3
29400,SUBMISSION,,VOLCANIC_ROCK,SEASHELLS,10160,9
29400,,SUBMISSION,VOLCANIC_ROCK_VOUCHER_10000,SEASHELLS,176,10
29400,,SUBMISSION,VOLCANIC_ROCK_VOUCHER_10000,SEASHELLS,176,1
29400,,SUBMISSION,VOLCANIC_ROCK_VOUCHER_10250,SEASHELLS,34,10
29400,,SUBMISSION,VOLCANIC_ROCK_VOUCHER_10250,SEASHELLS,34,1
29400,,SUBMISSION,VOLCANIC_ROCK_VOUCHER_9500,SEASHELLS,660,10
29400,,SUBMISSION,VOLCANIC_ROCK_VOUCHER_9500,SEASHELLS,660,1
29400,SUBMISSION,,VOLCANIC_ROCK_VOUCHER_9750,SEASHELLS,411,10
29400,SUBMISSION,,VOLCANIC_ROCK_VOUCHER_9750,SEASHELLS,411,1
29700,SUBMISSION,,VOLCANIC_ROCK,SEASHELLS,10156,20
29700,,SUBMISSION,VOLCANIC_ROCK_VOUCHER_10000,SEASHELLS,175,10
29700,,SUBMISSION,VOLCANIC_ROCK_VOUCHER_10000,SEASHELLS,175,15
29900,SUBMISSION,,VOLCANIC_ROCK,SEASHELLS,10158,14
29900,,SUBMISSION,VOLCANIC_ROCK_VOUCHER_10000,SEASHELLS,178,16
29900,,SUBMISSION,VOLCANIC_ROCK_VOUCHER_10000,SEASHELLS,178,1
30100,,SUBMISSION,VOLCANIC_ROCK,SEASHELLS,10153,5
30100,SUBMISSION,,VOLCANIC_ROCK_VOUCHER_10250,SEASHELLS,33,17
30700,,SUBMISSION,VOLCANIC_ROCK,SEASHELLS,10148,12
30700,SUBMISSION,,VOLCANIC_ROCK,SEASHELLS,10149,4
30700,SUBMISSION,,VOLCANIC_ROCK,SEASHELLS,10149,3
30700,,SUBMISSION,VOLCANIC_ROCK_VOUCHER_10250,SEASHELLS,30,10
30700,,SUBMISSION,VOLCANIC_ROCK_VOUCHER_10250,SEASHELLS,30,2
30700,,SUBMISSION,VOLCANIC_ROCK_VOUCHER_9500,SEASHELLS,649,4
30700,SUBMISSION,,VOLCANIC_ROCK_VOUCHER_9750,SEASHELLS,400,10
30700,SUBMISSION,,VOLCANIC_ROCK_VOUCHER_9750,SEASHELLS,400,2
31000,,SUBMISSION,VOLCANIC_ROCK,SEASHELLS,10143,12
31000,SUBMISSION,,VOLCANIC_ROCK_VOUCHER_10000,SEASHELLS,163,13
31000,SUBMISSION,,VOLCANIC_ROCK_VOUCHER_10000,SEASHELLS,163,2
31300,SUBMISSION,,VOLCANIC_ROCK,SEASHELLS,10141,11
31300,,SUBMISSION,VOLCANIC_ROCK_VOUCHER_9750,SEASHELLS,392,10
31300,,SUBMISSION,VOLCANIC_ROCK_VOUCHER_9750,SEASHELLS,392,1
31500,SUBMISSION,,VOLCANIC_ROCK,SEASHELLS,10139,3
31500,,SUBMISSION,VOLCANIC_ROCK_VOUCHER_10250,SEASHELLS,28,10
31600,,SUBMISSION,VOLCANIC_ROCK,SEASHELLS,10141,18
31600,SUBMISSION,,VOLCANIC_ROCK_VOUCHER_9750,SEASHELLS,394,18
31700,SUBMISSION,,VOLCANIC_ROCK,SEASHELLS,10144,11
31700,,SUBMISSION,VOLCANIC_ROCK,SEASHELLS,10142,14
31700,,SUBMISSION,VOLCANIC_ROCK_VOUCHER_10000,SEASHELLS,165,13
31700,,SUBMISSION,VOLCANIC_ROCK_VOUCHER_10000,SEASHELLS,165,1
31700,SUBMISSION,,VOLCANIC_ROCK_VOUCHER_9750,SEASHELLS,395,13
31700,SUBMISSION,,VOLCANIC_ROCK_VOUCHER_9750,SEASHELLS,395,1
32100,,SUBMISSION,VOLCANIC_ROCK,SEASHELLS,10137,1
32100,,SUBMISSION,VOLCANIC_ROCK,SEASHELLS,10137,1
32100,SUBMISSION,,VOLCANIC_ROCK_VOUCHER_10000,SEASHELLS,160,1
32100,SUBMISSION,,VOLCANIC_ROCK_VOUCHER_9500,SEASHELLS,637,1
33400,,SUBMISSION,VOLCANIC_ROCK,SEASHELLS,10133,10
33400,SUBMISSION,,VOLCANIC_ROCK,SEASHELLS,10135,1
33400,SUBMISSION,,VOLCANIC_ROCK,SEASHELLS,10135,2
33400,,SUBMISSION,VOLCANIC_ROCK_VOUCHER_10000,SEASHELLS,159,2
33400,,SUBMISSION,VOLCANIC_ROCK_VOUCHER_9500,SEASHELLS,634,1
33400,SUBMISSION,,VOLCANIC_ROCK_VOUCHER_9750,SEASHELLS,386,10
33500,SUBMISSION,,VOLCANIC_ROCK,SEASHELLS,10135,10
33500,,SUBMISSION,VOLCANIC_ROCK_VOUCHER_9750,SEASHELLS,386,10
34000,,SUBMISSION,VOLCANIC_ROCK,SEASHELLS,10135,15
34000,SUBMISSION,,VOLCANIC_ROCK_VOUCHER_9750,SEASHELLS,388,15
34200,,SUBMISSION,VOLCANIC_ROCK,SEASHELLS,10132,2
34200,SUBMISSION,,VOLCANIC_ROCK_VOUCHER_10250,SEASHELLS,27,6
34400,SUBMISSION,,VOLCANIC_ROCK,SEASHELLS,10131,2
34400,,SUBMISSION,VOLCANIC_ROCK_VOUCHER_10250,SEASHELLS,26,6
34700,,SUBMISSION,VOLCANIC_ROCK,SEASHELLS,10128,10
34700,SUBMISSION,,VOLCANIC_ROCK_VOUCHER_9750,SEASHELLS,381,10
34900,,SUBMISSION,VOLCANIC_ROCK,SEASHELLS,10129,17
34900,SUBMISSION,,VOLCANIC_ROCK_VOUCHER_10000,SEASHELLS,150,19
34900,SUBMISSION,,VOLCANIC_ROCK_VOUCHER_10000,SEASHELLS,150,2
35100,SUBMISSION,,VOLCANIC_ROCK,SEASHELLS,10131,16
35100,,SUBMISSION,VOLCANIC_ROCK,SEASHELLS,10129,21
35100,,SUBMISSION,VOLCANIC_ROCK_VOUCHER_10000,SEASHELLS,155,19
35100,,SUBMISSION,VOLCANIC_ROCK_VOUCHER_10000,SEASHELLS,155,2
35100,SUBMISSION,,VOLCANIC_ROCK_VOUCHER_9750,SEASHELLS,382,19
35100,SUBMISSION,,VOLCANIC_ROCK_VOUCHER_9750,SEASHELLS,382,2
35200,,SUBMISSION,VOLCANIC_ROCK,SEASHELLS,10129,19
35200,SUBMISSION,,VOLCANIC_ROCK_VOUCHER_9750,SEASHELLS,382,18
35200,SUBMISSION,,VOLCANIC_ROCK_VOUCHER_9750,SEASHELLS,382,1
35800,,SUBMISSION,VOLCANIC_ROCK,SEASHELLS,10133,11
35800,SUBMISSION,,VOLCANIC_ROCK_VOUCHER_9750,SEASHELLS,386,10
35800,SUBMISSION,,VOLCANIC_ROCK_VOUCHER_9750,SEASHELLS,386,1
36000,,SUBMISSION,VOLCANIC_ROCK,SEASHELLS,10130,15
36000,SUBMISSION,,VOLCANIC_ROCK_VOUCHER_9750,SEASHELLS,383,15
36400,,SUBMISSION,VOLCANIC_ROCK,SEASHELLS,10127,19
36400,SUBMISSION,,VOLCANIC_ROCK_VOUCHER_9750,SEASHELLS,380,19
36600,,SUBMISSION,VOLCANIC_ROCK,SEASHELLS,10127,17
36600,SUBMISSION,,VOLCANIC_ROCK_VOUCHER_9750,SEASHELLS,380,17
36900,,SUBMISSION,VOLCANIC_ROCK,SEASHELLS,10131,5
36900,SUBMISSION,,VOLCANIC_ROCK_VOUCHER_9750,SEASHELLS,384,5
37900,SUBMISSION,,VOLCANIC_ROCK,SEASHELLS,10134,12
37900,,SUBMISSION,VOLCANIC_ROCK_VOUCHER_9750,SEASHELLS,385,11
37900,,SUBMISSION,VOLCANIC_ROCK_VOUCHER_9750,SEASHELLS,385,1
38700,SUBMISSION,,VOLCANIC_ROCK,SEASHELLS,10140,15
38700,,SUBMISSION,VOLCANIC_ROCK_VOUCHER_9750,SEASHELLS,391,14
38700,,SUBMISSION,VOLCANIC_ROCK_VOUCHER_9750,SEASHELLS,391,1
39300,,SUBMISSION,VOLCANIC_ROCK,SEASHELLS,10135,10
39300,,SUBMISSION,VOLCANIC_ROCK,SEASHELLS,10135,3
39300,SUBMISSION,,VOLCANIC_ROCK_VOUCHER_10000,SEASHELLS,156,17
39400,,SUBMISSION,VOLCANIC_ROCK,SEASHELLS,10129,18
39400,SUBMISSION,,VOLCANIC_ROCK,SEASHELLS,10131,13
39400,,SUBMISSION,VOLCANIC_ROCK_VOUCHER_10000,SEASHELLS,154,16
39400,,SUBMISSION,VOLCANIC_ROCK_VOUCHER_10000,SEASHELLS,154,1
39400,SUBMISSION,,VOLCANIC_ROCK_VOUCHER_9750,SEASHELLS,382,16
39400,SUBMISSION,,VOLCANIC_ROCK_VOUCHER_9750,SEASHELLS,382,2
39600,SUBMISSION,,VOLCANIC_ROCK,SEASHELLS,10132,14
39600,,SUBMISSION,VOLCANIC_ROCK_VOUCHER_9750,SEASHELLS,383,13
39600,,SUBMISSION,VOLCANIC_ROCK_VOUCHER_9750,SEASHELLS,383,1
40300,,SUBMISSION,VOLCANIC_ROCK,SEASHELLS,10133,15
40300,SUBMISSION,,VOLCANIC_ROCK_VOUCHER_10000,SEASHELLS,150,17
40300,SUBMISSION,,VOLCANIC_ROCK_VOUCHER_10000,SEASHELLS,150,2
41200,,SUBMISSION,VOLCANIC_ROCK,SEASHELLS,10126,15
41200,SUBMISSION,,VOLCANIC_ROCK_VOUCHER_9750,SEASHELLS,379,14
41200,SUBMISSION,,VOLCANIC_ROCK_VOUCHER_9750,SEASHELLS,379,1
41500,SUBMISSION,,VOLCANIC_ROCK,SEASHELLS,10127,13
41500,,SUBMISSION,VOLCANIC_ROCK,SEASHELLS,10126,13
41500,,SUBMISSION,VOLCANIC_ROCK,SEASHELLS,10126,3
41500,SUBMISSION,,VOLCANIC_ROCK_VOUCHER_10250,SEASHELLS,26,13
41500,SUBMISSION,,VOLCANIC_ROCK_VOUCHER_9500,SEASHELLS,627,13
41500,,SUBMISSION,VOLCANIC_ROCK_VOUCHER_9750,SEASHELLS,379,13
42200,,SUBMISSION,VOLCANIC_ROCK,SEASHELLS,10131,10
42200,SUBMISSION,,VOLCANIC_ROCK_VOUCHER_9750,SEASHELLS,384,10
42300,SUBMISSION,,VOLCANIC_ROCK,SEASHELLS,10133,13
42300,SUBMISSION,,VOLCANIC_ROCK,SEASHELLS,10133,12
42300,,SUBMISSION,VOLCANIC_ROCK,SEASHELLS,10131,11
42300,,SUBMISSION,VOLCANIC_ROCK_VOUCHER_10000,SEASHELLS,156,14
42300,,SUBMISSION,VOLCANIC_ROCK_VOUCHER_10000,SEASHELLS,156,2
42300,,SUBMISSION,VOLCANIC_ROCK_VOUCHER_9500,SEASHELLS,632,13
42300,SUBMISSION,,VOLCANIC_ROCK_VOUCHER_9750,SEASHELLS,384,11
42500,SUBMISSION,,VOLCANIC_ROCK,SEASHELLS,10135,3
42500,,SUBMISSION,VOLCANIC_ROCK_VOUCHER_10250,SEASHELLS,27,13
43000,SUBMISSION,,VOLCANIC_ROCK,SEASHELLS,10134,2
43000,,SUBMISSION,VOLCANIC_ROCK_VOUCHER_10000,SEASHELLS,157,3
46500,,SUBMISSION,VOLCANIC_ROCK,SEASHELLS,10139,16
46500,SUBMISSION,,VOLCANIC_ROCK_VOUCHER_10000,SEASHELLS,159,18
46500,SUBMISSION,,VOLCANIC_ROCK_VOUCHER_10000,SEASHELLS,159,2
46700,,SUBMISSION,VOLCANIC_ROCK,SEASHELLS,10136,4
46700,SUBMISSION,,VOLCANIC_ROCK_VOUCHER_10250,SEASHELLS,28,15
46700,SUBMISSION,,VOLCANIC_ROCK_VOUCHER_10250,SEASHELLS,28,2
47000,SUBMISSION,,VOLCANIC_ROCK,SEASHELLS,10140,13
47000,SUBMISSION,,VOLCANIC_ROCK,SEASHELLS,10140,5
47000,,SUBMISSION,VOLCANIC_ROCK_VOUCHER_10000,SEASHELLS,160,17
47000,,SUBMISSION,VOLCANIC_ROCK_VOUCHER_10250,SEASHELLS,28,17
47600,,SUBMISSION,VOLCANIC_ROCK,SEASHELLS,10137,14
47600,,SUBMISSION,VOLCANIC_ROCK,SEASHELLS,10137,18
47600,SUBMISSION,,VOLCANIC_ROCK,SEASHELLS,10138,34
47600,SUBMISSION,,VOLCANIC_ROCK_VOUCHER_10000,SEASHELLS,161,18
47600,SUBMISSION,,VOLCANIC_ROCK_VOUCHER_9500,SEASHELLS,638,18
47600,,SUBMISSION,VOLCANIC_ROCK_VOUCHER_9750,SEASHELLS,390,18
47600,,SUBMISSION,VOLCANIC_ROCK_VOUCHER_9750,SEASHELLS,390,17
50000,,SUBMISSION,VOLCANIC_ROCK,SEASHELLS,10158,15
50000,,SUBMISSION,VOLCANIC_ROCK,SEASHELLS,10158,18
50000,SUBMISSION,,VOLCANIC_ROCK,SEASHELLS,10159,18
50000,SUBMISSION,,VOLCANIC_ROCK_VOUCHER_10000,SEASHELLS,173,17
50000,SUBMISSION,,VOLCANIC_ROCK_VOUCHER_10000,SEASHELLS,173,1
50000,SUBMISSION,,VOLCANIC_ROCK_VOUCHER_9500,SEASHELLS,659,17
50000,SUBMISSION,,VOLCANIC_ROCK_VOUCHER_9500,SEASHELLS,659,1
50000,,SUBMISSION,VOLCANIC_ROCK_VOUCHER_9750,SEASHELLS,410,17
50000,,SUBMISSION,VOLCANIC_ROCK_VOUCHER_9750,SEASHELLS,410,1
50800,,SUBMISSION,VOLCANIC_ROCK,SEASHELLS,10149,15
50800,,SUBMISSION,VOLCANIC_ROCK,SEASHELLS,10149,2
50800,,SUBMISSION,VOLCANIC_ROCK,SEASHELLS,10149,5
50800,SUBMISSION,,VOLCANIC_ROCK,SEASHELLS,10151,19
50800,SUBMISSION,,VOLCANIC_ROCK_VOUCHER_10000,SEASHELLS,170,17
50800,SUBMISSION,,VOLCANIC_ROCK_VOUCHER_10000,SEASHELLS,170,2
50800,SUBMISSION,,VOLCANIC_ROCK_VOUCHER_10250,SEASHELLS,32,17
50800,SUBMISSION,,VOLCANIC_ROCK_VOUCHER_10250,SEASHELLS,32,2
50800,SUBMISSION,,VOLCANIC_ROCK_VOUCHER_9500,SEASHELLS,650,2
50800,,SUBMISSION,VOLCANIC_ROCK_VOUCHER_9750,SEASHELLS,401,17
50800,,SUBMISSION,VOLCANIC_ROCK_VOUCHER_9750,SEASHELLS,401,2
51000,,SUBMISSION,VOLCANIC_ROCK,SEASHELLS,10148,3
51000,,SUBMISSION,VOLCANIC_ROCK,SEASHELLS,10148,1
51000,,SUBMISSION,VOLCANIC_ROCK,SEASHELLS,10148,4
51000,SUBMISSION,,VOLCANIC_ROCK_VOUCHER_10000,SEASHELLS,165,4
51000,SUBMISSION,,VOLCANIC_ROCK_VOUCHER_10250,SEASHELLS,30,4
51000,SUBMISSION,,VOLCANIC_ROCK_VOUCHER_9500,SEASHELLS,648,4
51200,,SUBMISSION,VOLCANIC_ROCK,SEASHELLS,10146,20
51200,SUBMISSION,,VOLCANIC_ROCK_VOUCHER_9750,SEASHELLS,399,18
51200,SUBMISSION,,VOLCANIC_ROCK_VOUCHER_9750,SEASHELLS,399,2
52200,,SUBMISSION,VOLCANIC_ROCK,SEASHELLS,10154,16
52200,SUBMISSION,,VOLCANIC_ROCK,SEASHELLS,10155,38
52200,,SUBMISSION,VOLCANIC_ROCK,SEASHELLS,10154,19
52200,SUBMISSION,,VOLCANIC_ROCK_VOUCHER_10000,SEASHELLS,171,17
52200,SUBMISSION,,VOLCANIC_ROCK_VOUCHER_10000,SEASHELLS,171,2
52200,SUBMISSION,,VOLCANIC_ROCK_VOUCHER_9500,SEASHELLS,655,17
52200,SUBMISSION,,VOLCANIC_ROCK_VOUCHER_9500,SEASHELLS,655,2
52200,,SUBMISSION,VOLCANIC_ROCK_VOUCHER_9750,SEASHELLS,406,17
52200,,SUBMISSION,VOLCANIC_ROCK_VOUCHER_9750,SEASHELLS,406,2
52200,,SUBMISSION,VOLCANIC_ROCK_VOUCHER_9750,SEASHELLS,406,20
53300,,SUBMISSION,VOLCANIC_ROCK,SEASHELLS,10155,8
53300,,SUBMISSION,VOLCANIC_ROCK,SEASHELLS,10155,12
53300,SUBMISSION,,VOLCANIC_ROCK,SEASHELLS,10156,26
53300,SUBMISSION,,VOLCANIC_ROCK_VOUCHER_9500,SEASHELLS,656,18
53300,SUBMISSION,,VOLCANIC_ROCK_VOUCHER_9500,SEASHELLS,656,2
53300,,SUBMISSION,VOLCANIC_ROCK_VOUCHER_9750,SEASHELLS,407,18
53300,,SUBMISSION,VOLCANIC_ROCK_VOUCHER_9750,SEASHELLS,407,2
53300,,SUBMISSION,VOLCANIC_ROCK_VOUCHER_9750,SEASHELLS,407,7
53400,SUBMISSION,,VOLCANIC_ROCK,SEASHELLS,10155,10
53400,,SUBMISSION,VOLCANIC_ROCK_VOUCHER_10000,SEASHELLS,174,12
53600,SUBMISSION,,VOLCANIC_ROCK,SEASHELLS,10158,17
53600,,SUBMISSION,VOLCANIC_ROCK,SEASHELLS,10157,17
53600,SUBMISSION,,VOLCANIC_ROCK_VOUCHER_9500,SEASHELLS,658,16
53600,SUBMISSION,,VOLCANIC_ROCK_VOUCHER_9500,SEASHELLS,658,1
53600,,SUBMISSION,VOLCANIC_ROCK_VOUCHER_9750,SEASHELLS,409,16
53600,,SUBMISSION,VOLCANIC_ROCK_VOUCHER_9750,SEASHELLS,409,1
53700,,SUBMISSION,VOLCANIC_ROCK,SEASHELLS,10158,5
53700,SUBMISSION,,VOLCANIC_ROCK_VOUCHER_10250,SEASHELLS,34,15
53900,,SUBMISSION,VOLCANIC_ROCK,SEASHELLS,10160,14
53900,SUBMISSION,,VOLCANIC_ROCK_VOUCHER_10000,SEASHELLS,174,14
53900,SUBMISSION,,VOLCANIC_ROCK_VOUCHER_10000,SEASHELLS,174,2
54100,SUBMISSION,,VOLCANIC_ROCK,SEASHELLS,10155,14
54100,,SUBMISSION,VOLCANIC_ROCK_VOUCHER_10000,SEASHELLS,175,17
54100,,SUBMISSION,VOLCANIC_ROCK_VOUCHER_10000,SEASHELLS,175,1
54400,,SUBMISSION,VOLCANIC_ROCK,SEASHELLS,10154,6
54400,SUBMISSION,,VOLCANIC_ROCK_VOUCHER_10250,SEASHELLS,33,18
54400,SUBMISSION,,VOLCANIC_ROCK_VOUCHER_10250,SEASHELLS,33,1
55300,SUBMISSION,,VOLCANIC_ROCK,SEASHELLS,10156,16
55300,,SUBMISSION,VOLCANIC_ROCK,SEASHELLS,10154,5
55300,,SUBMISSION,VOLCANIC_ROCK,SEASHELLS,10154,13
55300,,SUBMISSION,VOLCANIC_ROCK,SEASHELLS,10154,16
55300,SUBMISSION,,VOLCANIC_ROCK_VOUCHER_10000,SEASHELLS,173,16
55300,SUBMISSION,,VOLCANIC_ROCK_VOUCHER_10250,SEASHELLS,33,16
55300,SUBMISSION,,VOLCANIC_ROCK_VOUCHER_9500,SEASHELLS,655,16
55300,,SUBMISSION,VOLCANIC_ROCK_VOUCHER_9750,SEASHELLS,405,16
55600,SUBMISSION,,VOLCANIC_ROCK,SEASHELLS,10153,3
55600,,SUBMISSION,VOLCANIC_ROCK_VOUCHER_10250,SEASHELLS,31,10
55600,,SUBMISSION,VOLCANIC_ROCK_VOUCHER_10250,SEASHELLS,31,2
55700,,SUBMISSION,VOLCANIC_ROCK,SEASHELLS,10148,17
55700,,SUBMISSION,VOLCANIC_ROCK,SEASHELLS,10148,21
55700,SUBMISSION,,VOLCANIC_ROCK,SEASHELLS,10149,20
55700,SUBMISSION,,VOLCANIC_ROCK_VOUCHER_10000,SEASHELLS,166,19
55700,SUBMISSION,,VOLCANIC_ROCK_VOUCHER_10000,SEASHELLS,166,2
55700,SUBMISSION,,VOLCANIC_ROCK_VOUCHER_9500,SEASHELLS,649,19
55700,SUBMISSION,,VOLCANIC_ROCK_VOUCHER_9500,SEASHELLS,649,2
55700,,SUBMISSION,VOLCANIC_ROCK_VOUCHER_9750,SEASHELLS,400,19
55700,,SUBMISSION,VOLCANIC_ROCK_VOUCHER_9750,SEASHELLS,400,2
55900,SUBMISSION,,VOLCANIC_ROCK,SEASHELLS,10145,6
55900,,SUBMISSION,VOLCANIC_ROCK_VOUCHER_10250,SEASHELLS,29,18
55900,,SUBMISSION,VOLCANIC_ROCK_VOUCHER_10250,SEASHELLS,29,2
56100,SUBMISSION,,VOLCANIC_ROCK,SEASHELLS,10144,4
56100,,SUBMISSION,VOLCANIC_ROCK_VOUCHER_10250,SEASHELLS,29,16
56200,SUBMISSION,,VOLCANIC_ROCK,SEASHELLS,10144,5
56200,,SUBMISSION,VOLCANIC_ROCK_VOUCHER_10250,SEASHELLS,29,17
56400,,SUBMISSION,VOLCANIC_ROCK,SEASHELLS,10137,17
56400,SUBMISSION,,VOLCANIC_ROCK_VOUCHER_9500,SEASHELLS,639,17
57300,SUBMISSION,,VOLCANIC_ROCK,SEASHELLS,10141,16
57300,,SUBMISSION,VOLCANIC_ROCK,SEASHELLS,10140,17
57300,,SUBMISSION,VOLCANIC_ROCK,SEASHELLS,10140,13
57300,,SUBMISSION,VOLCANIC_ROCK,SEASHELLS,10140,5
57300,SUBMISSION,,VOLCANIC_ROCK_VOUCHER_10000,SEASHELLS,163,16
57300,SUBMISSION,,VOLCANIC_ROCK_VOUCHER_10000,SEASHELLS,163,1
57300,SUBMISSION,,VOLCANIC_ROCK_VOUCHER_10250,SEASHELLS,29,16
57300,SUBMISSION,,VOLCANIC_ROCK_VOUCHER_10250,SEASHELLS,29,1
57300,SUBMISSION,,VOLCANIC_ROCK_VOUCHER_9500,SEASHELLS,641,16
57300,SUBMISSION,,VOLCANIC_ROCK_VOUCHER_9500,SEASHELLS,641,1
57300,,SUBMISSION,VOLCANIC_ROCK_VOUCHER_9750,SEASHELLS,393,16
57300,,SUBMISSION,VOLCANIC_ROCK_VOUCHER_9750,SEASHELLS,393,1
57400,,SUBMISSION,VOLCANIC_ROCK,SEASHELLS,10139,18
57400,SUBMISSION,,VOLCANIC_ROCK,SEASHELLS,10141,18
57400,SUBMISSION,,VOLCANIC_ROCK,SEASHELLS,10141,14
57400,,SUBMISSION,VOLCANIC_ROCK_VOUCHER_10000,SEASHELLS,164,16
57400,,SUBMISSION,VOLCANIC_ROCK_VOUCHER_10000,SEASHELLS,164,2
57400,,SUBMISSION,VOLCANIC_ROCK_VOUCHER_9500,SEASHELLS,640,16
57400,,SUBMISSION,VOLCANIC_ROCK_VOUCHER_9500,SEASHELLS,640,2
57400,SUBMISSION,,VOLCANIC_ROCK_VOUCHER_9750,SEASHELLS,392,16
57400,SUBMISSION,,VOLCANIC_ROCK_VOUCHER_9750,SEASHELLS,392,2
57900,,SUBMISSION,VOLCANIC_ROCK,SEASHELLS,10146,19
57900,SUBMISSION,,VOLCANIC_ROCK,SEASHELLS,10147,8
57900,,SUBMISSION,VOLCANIC_ROCK_VOUCHER_9500,SEASHELLS,647,8
57900,SUBMISSION,,VOLCANIC_ROCK_VOUCHER_9750,SEASHELLS,399,17
57900,SUBMISSION,,VOLCANIC_ROCK_VOUCHER_9750,SEASHELLS,399,2
58400,,SUBMISSION,VOLCANIC_ROCK,SEASHELLS,10145,14
58400,SUBMISSION,,VOLCANIC_ROCK,SEASHELLS,10146,17
58400,SUBMISSION,,VOLCANIC_ROCK_VOUCHER_10000,SEASHELLS,163,17
58400,,SUBMISSION,VOLCANIC_ROCK_VOUCHER_9750,SEASHELLS,397,17
58600,SUBMISSION,,VOLCANIC_ROCK,SEASHELLS,10145,12
58600,,SUBMISSION,VOLCANIC_ROCK,SEASHELLS,10144,10
58600,SUBMISSION,,VOLCANIC_ROCK_VOUCHER_10000,SEASHELLS,162,12
58600,,SUBMISSION,VOLCANIC_ROCK_VOUCHER_9750,SEASHELLS,396,12
58900,,SUBMISSION,VOLCANIC_ROCK,SEASHELLS,10144,1
58900,,SUBMISSION,VOLCANIC_ROCK,SEASHELLS,10144,3
58900,SUBMISSION,,VOLCANIC_ROCK_VOUCHER_10250,SEASHELLS,29,3
58900,SUBMISSION,,VOLCANIC_ROCK_VOUCHER_9500,SEASHELLS,644,3
59000,,SUBMISSION,VOLCANIC_ROCK,SEASHELLS,10142,15
59000,,SUBMISSION,VOLCANIC_ROCK,SEASHELLS,10142,19
59000,SUBMISSION,,VOLCANIC_ROCK,SEASHELLS,10143,18
59000,SUBMISSION,,VOLCANIC_ROCK_VOUCHER_10000,SEASHELLS,164,19
59000,SUBMISSION,,VOLCANIC_ROCK_VOUCHER_9500,SEASHELLS,643,19
59000,,SUBMISSION,VOLCANIC_ROCK_VOUCHER_9750,SEASHELLS,394,19
59700,SUBMISSION,,VOLCANIC_ROCK,SEASHELLS,10148,5
59700,,SUBMISSION,VOLCANIC_ROCK_VOUCHER_10250,SEASHELLS,30,17
59700,,SUBMISSION,VOLCANIC_ROCK_VOUCHER_10250,SEASHELLS,30,2
60000,SUBMISSION,,VOLCANIC_ROCK,SEASHELLS,10153,3
60000,,SUBMISSION,VOLCANIC_ROCK_VOUCHER_10250,SEASHELLS,31,9
60800,SUBMISSION,,VOLCANIC_ROCK,SEASHELLS,10160,20
60800,,SUBMISSION,VOLCANIC_ROCK,SEASHELLS,10159,6
60800,,SUBMISSION,VOLCANIC_ROCK,SEASHELLS,10159,21
60800,SUBMISSION,,VOLCANIC_ROCK_VOUCHER_10250,SEASHELLS,34,19
60800,SUBMISSION,,VOLCANIC_ROCK_VOUCHER_10250,SEASHELLS,34,2
60800,SUBMISSION,,VOLCANIC_ROCK_VOUCHER_9500,SEASHELLS,660,19
60800,SUBMISSION,,VOLCANIC_ROCK_VOUCHER_9500,SEASHELLS,660,2
60800,,SUBMISSION,VOLCANIC_ROCK_VOUCHER_9750,SEASHELLS,411,19
60800,,SUBMISSION,VOLCANIC_ROCK_VOUCHER_9750,SEASHELLS,411,2
60900,,SUBMISSION,VOLCANIC_ROCK,SEASHELLS,10160,4
60900,,SUBMISSION,VOLCANIC_ROCK,SEASHELLS,10160,14
60900,SUBMISSION,,VOLCANIC_ROCK_VOUCHER_10250,SEASHELLS,34,14
60900,SUBMISSION,,VOLCANIC_ROCK_VOUCHER_9500,SEASHELLS,661,14
61400,,SUBMISSION,VOLCANIC_ROCK,SEASHELLS,10159,17
61400,SUBMISSION,,VOLCANIC_ROCK,SEASHELLS,10160,17
61400,SUBMISSION,,VOLCANIC_ROCK_VOUCHER_9500,SEASHELLS,660,16
61400,SUBMISSION,,VOLCANIC_ROCK_VOUCHER_9500,SEASHELLS,660,1
61400,,SUBMISSION,VOLCANIC_ROCK_VOUCHER_9750,SEASHELLS,411,16
61400,,SUBMISSION,VOLCANIC_ROCK_VOUCHER_9750,SEASHELLS,411,1
61900,,SUBMISSION,VOLCANIC_ROCK,SEASHELLS,10156,19
61900,,SUBMISSION,VOLCANIC_ROCK,SEASHELLS,10156,16
61900,SUBMISSION,,VOLCANIC_ROCK,SEASHELLS,10157,19
61900,SUBMISSION,,VOLCANIC_ROCK_VOUCHER_10000,SEASHELLS,173,17
61900,SUBMISSION,,VOLCANIC_ROCK_VOUCHER_10000,SEASHELLS,173,2
61900,SUBMISSION,,VOLCANIC_ROCK_VOUCHER_9500,SEASHELLS,657,17
61900,SUBMISSION,,VOLCANIC_ROCK_VOUCHER_9500,SEASHELLS,657,2
61900,,SUBMISSION,VOLCANIC_ROCK_VOUCHER_9750,SEASHELLS,408,17
61900,,SUBMISSION,VOLCANIC_ROCK_VOUCHER_9750,SEASHELLS,408,2
62100,,SUBMISSION,VOLCANIC_ROCK,SEASHELLS,10159,20
62100,,SUBMISSION,VOLCANIC_ROCK,SEASHELLS,10159,6
62100,SUBMISSION,,VOLCANIC_ROCK,SEASHELLS,10160,20
62100,SUBMISSION,,VOLCANIC_ROCK_VOUCHER_10250,SEASHELLS,34,20
62100,SUBMISSION,,VOLCANIC_ROCK_VOUCHER_9500,SEASHELLS,660,20
62100,,SUBMISSION,VOLCANIC_ROCK_VOUCHER_9750,SEASHELLS,411,20
62900,SUBMISSION,,VOLCANIC_ROCK,SEASHELLS,10155,14
62900,,SUBMISSION,VOLCANIC_ROCK_VOUCHER_10000,SEASHELLS,175,16
62900,,SUBMISSION,VOLCANIC_ROCK_VOUCHER_10000,SEASHELLS,175,2
63400,,SUBMISSION,VOLCANIC_ROCK,SEASHELLS,10157,12
63400,SUBMISSION,,VOLCANIC_ROCK,SEASHELLS,10158,12
63400,,SUBMISSION,VOLCANIC_ROCK,SEASHELLS,10157,10
63400,SUBMISSION,,VOLCANIC_ROCK_VOUCHER_10000,SEASHELLS,175,11
63400,SUBMISSION,,VOLCANIC_ROCK_VOUCHER_10000,SEASHELLS,175,1
63400,SUBMISSION,,VOLCANIC_ROCK_VOUCHER_9500,SEASHELLS,658,11
63400,SUBMISSION,,VOLCANIC_ROCK_VOUCHER_9500,SEASHELLS,658,1
63400,,SUBMISSION,VOLCANIC_ROCK_VOUCHER_9750,SEASHELLS,409,11
63400,,SUBMISSION,VOLCANIC_ROCK_VOUCHER_9750,SEASHELLS,409,1
63500,,SUBMISSION,VOLCANIC_ROCK,SEASHELLS,10151,12
63500,SUBMISSION,,VOLCANIC_ROCK_VOUCHER_10000,SEASHELLS,170,15
63700,SUBMISSION,,VOLCANIC_ROCK,SEASHELLS,10158,20
63700,,SUBMISSION,VOLCANIC_ROCK_VOUCHER_9500,SEASHELLS,657,20
64500,SUBMISSION,,VOLCANIC_ROCK,SEASHELLS,10156,10
64500,,SUBMISSION,VOLCANIC_ROCK_VOUCHER_10000,SEASHELLS,175,13
65000,SUBMISSION,,VOLCANIC_ROCK,SEASHELLS,10163,4
65000,SUBMISSION,,VOLCANIC_ROCK,SEASHELLS,10163,5
65000,,SUBMISSION,VOLCANIC_ROCK,SEASHELLS,10162,22
65000,,SUBMISSION,VOLCANIC_ROCK_VOUCHER_10000,SEASHELLS,182,3
65000,,SUBMISSION,VOLCANIC_ROCK_VOUCHER_10000,SEASHELLS,182,2
65000,,SUBMISSION,VOLCANIC_ROCK_VOUCHER_9500,SEASHELLS,662,3
65000,,SUBMISSION,VOLCANIC_ROCK_VOUCHER_9500,SEASHELLS,662,2
65000,SUBMISSION,,VOLCANIC_ROCK_VOUCHER_9750,SEASHELLS,414,20
65000,SUBMISSION,,VOLCANIC_ROCK_VOUCHER_9750,SEASHELLS,414,2
65700,,SUBMISSION,VOLCANIC_ROCK,SEASHELLS,10156,11
65700,SUBMISSION,,VOLCANIC_ROCK,SEASHELLS,10157,14
65700,,SUBMISSION,VOLCANIC_ROCK,SEASHELLS,10156,14
65700,SUBMISSION,,VOLCANIC_ROCK_VOUCHER_10000,SEASHELLS,174,12
65700,SUBMISSION,,VOLCANIC_ROCK_VOUCHER_10000,SEASHELLS,174,2
65700,SUBMISSION,,VOLCANIC_ROCK_VOUCHER_9500,SEASHELLS,657,12
65700,SUBMISSION,,VOLCANIC_ROCK_VOUCHER_9500,SEASHELLS,657,2
65700,,SUBMISSION,VOLCANIC_ROCK_VOUCHER_9750,SEASHELLS,408,12
65700,,SUBMISSION,VOLCANIC_ROCK_VOUCHER_9750,SEASHELLS,408,2
66000,,SUBMISSION,VOLCANIC_ROCK,SEASHELLS,10155,4
66000,,SUBMISSION,VOLCANIC_ROCK,SEASHELLS,10155,14
66000,SUBMISSION,,VOLCANIC_ROCK_VOUCHER_10250,SEASHELLS,33,13
66000,SUBMISSION,,VOLCANIC_ROCK_VOUCHER_10250,SEASHELLS,33,1
66000,SUBMISSION,,VOLCANIC_ROCK_VOUCHER_9500,SEASHELLS,656,13
66000,SUBMISSION,,VOLCANIC_ROCK_VOUCHER_9500,SEASHELLS,656,1
66700,SUBMISSION,,VOLCANIC_ROCK,SEASHELLS,10151,21
66700,,SUBMISSION,VOLCANIC_ROCK_VOUCHER_9500,SEASHELLS,650,19
66700,,SUBMISSION,VOLCANIC_ROCK_VOUCHER_9500,SEASHELLS,650,2
67000,SUBMISSION,,VOLCANIC_ROCK,SEASHELLS,10152,10
67000,SUBMISSION,,VOLCANIC_ROCK,SEASHELLS,10152,12
67000,SUBMISSION,,VOLCANIC_ROCK,SEASHELLS,10152,3
67000,,SUBMISSION,VOLCANIC_ROCK,SEASHELLS,10151,12
67000,,SUBMISSION,VOLCANIC_ROCK_VOUCHER_10000,SEASHELLS,169,11
67000,,SUBMISSION,VOLCANIC_ROCK_VOUCHER_10000,SEASHELLS,169,1
67000,,SUBMISSION,VOLCANIC_ROCK_VOUCHER_10250,SEASHELLS,31,11
67000,,SUBMISSION,VOLCANIC_ROCK_VOUCHER_10250,SEASHELLS,31,1
67000,,SUBMISSION,VOLCANIC_ROCK_VOUCHER_9500,SEASHELLS,652,11
67000,,SUBMISSION,VOLCANIC_ROCK_VOUCHER_9500,SEASHELLS,652,1
67000,SUBMISSION,,VOLCANIC_ROCK_VOUCHER_9750,SEASHELLS,403,11
67000,SUBMISSION,,VOLCANIC_ROCK_VOUCHER_9750,SEASHELLS,403,1
67700,,SUBMISSION,VOLCANIC_ROCK,SEASHELLS,10146,15
67700,SUBMISSION,,VOLCANIC_ROCK_VOUCHER_10000,SEASHELLS,165,18
67700,SUBMISSION,,VOLCANIC_ROCK_VOUCHER_10000,SEASHELLS,165,1
67900,,SUBMISSION,VOLCANIC_ROCK,SEASHELLS,10144,16
67900,SUBMISSION,,VOLCANIC_ROCK_VOUCHER_10000,SEASHELLS,163,19
67900,SUBMISSION,,VOLCANIC_ROCK_VOUCHER_10000,SEASHELLS,163,1
68100,SUBMISSION,,VOLCANIC_ROCK,SEASHELLS,10150,2
68100,,SUBMISSION,VOLCANIC_ROCK_VOUCHER_10000,SEASHELLS,168,2
68400,SUBMISSION,,VOLCANIC_ROCK,SEASHELLS,10149,4
68400,,SUBMISSION,VOLCANIC_ROCK_VOUCHER_10250,SEASHELLS,30,12
68400,,SUBMISSION,VOLCANIC_ROCK_VOUCHER_10250,SEASHELLS,30,1
68600,SUBMISSION,,VOLCANIC_ROCK,SEASHELLS,10148,21
68600,,SUBMISSION,VOLCANIC_ROCK_VOUCHER_10000,SEASHELLS,171,16
68600,,SUBMISSION,VOLCANIC_ROCK_VOUCHER_10000,SEASHELLS,171,1
68600,,SUBMISSION,VOLCANIC_ROCK_VOUCHER_10000,SEASHELLS,171,10
68700,,SUBMISSION,VOLCANIC_ROCK,SEASHELLS,10150,11
68700,SUBMISSION,,VOLCANIC_ROCK_VOUCHER_10000,SEASHELLS,169,12
68700,SUBMISSION,,VOLCANIC_ROCK_VOUCHER_10000,SEASHELLS,169,1
68900,,SUBMISSION,VOLCANIC_ROCK,SEASHELLS,10152,20
68900,SUBMISSION,,VOLCANIC_ROCK,SEASHELLS,10154,16
68900,,SUBMISSION,VOLCANIC_ROCK_VOUCHER_10000,SEASHELLS,174,20
68900,SUBMISSION,,VOLCANIC_ROCK_VOUCHER_9750,SEASHELLS,405,20
69100,,SUBMISSION,VOLCANIC_ROCK,SEASHELLS,10153,6
69100,SUBMISSION,,VOLCANIC_ROCK_VOUCHER_10250,SEASHELLS,32,20
69200,,SUBMISSION,VOLCANIC_ROCK,SEASHELLS,10154,5
69200,SUBMISSION,,VOLCANIC_ROCK_VOUCHER_10250,SEASHELLS,33,17
69200,SUBMISSION,,VOLCANIC_ROCK_VOUCHER_10250,SEASHELLS,33,1
70000,,SUBMISSION,VOLCANIC_ROCK,SEASHELLS,10156,6
70000,SUBMISSION,,VOLCANIC_ROCK_VOUCHER_10250,SEASHELLS,33,19
70900,SUBMISSION,,VOLCANIC_ROCK,SEASHELLS,10155,14
70900,,SUBMISSION,VOLCANIC_ROCK_VOUCHER_10000,SEASHELLS,174,18
71300,SUBMISSION,,VOLCANIC_ROCK,SEASHELLS,10159,17
71300,SUBMISSION,,VOLCANIC_ROCK,SEASHELLS,10159,21
71300,,SUBMISSION,VOLCANIC_ROCK,SEASHELLS,10157,21
71300,SUBMISSION,,VOLCANIC_ROCK,SEASHELLS,10159,6
71300,,SUBMISSION,VOLCANIC_ROCK_VOUCHER_10000,SEASHELLS,175,20
71300,,SUBMISSION,VOLCANIC_ROCK_VOUCHER_10000,SEASHELLS,175,1
71300,,SUBMISSION,VOLCANIC_ROCK_VOUCHER_10250,SEASHELLS,33,20
71300,,SUBMISSION,VOLCANIC_ROCK_VOUCHER_10250,SEASHELLS,33,1
71300,,SUBMISSION,VOLCANIC_ROCK_VOUCHER_9500,SEASHELLS,658,20
71300,,SUBMISSION,VOLCANIC_ROCK_VOUCHER_9500,SEASHELLS,658,1
71300,SUBMISSION,,VOLCANIC_ROCK_VOUCHER_9750,SEASHELLS,409,20
71300,SUBMISSION,,VOLCANIC_ROCK_VOUCHER_9750,SEASHELLS,409,1
71400,,SUBMISSION,VOLCANIC_ROCK,SEASHELLS,10160,17
71400,SUBMISSION,,VOLCANIC_ROCK,SEASHELLS,10161,20
71400,,SUBMISSION,VOLCANIC_ROCK,SEASHELLS,10160,21
71400,SUBMISSION,,VOLCANIC_ROCK_VOUCHER_10000,SEASHELLS,177,20
71400,SUBMISSION,,VOLCANIC_ROCK_VOUCHER_10000,SEASHELLS,177,1
71400,SUBMISSION,,VOLCANIC_ROCK_VOUCHER_9500,SEASHELLS,661,20
71400,SUBMISSION,,VOLCANIC_ROCK_VOUCHER_9500,SEASHELLS,661,1
71400,,SUBMISSION,VOLCANIC_ROCK_VOUCHER_9750,SEASHELLS,412,20
71400,,SUBMISSION,VOLCANIC_ROCK_VOUCHER_9750,SEASHELLS,412,1
71600,SUBMISSION,,VOLCANIC_ROCK,SEASHELLS,10161,16
71600,,SUBMISSION,VOLCANIC_ROCK_VOUCHER_10000,SEASHELLS,180,19
71600,,SUBMISSION,VOLCANIC_ROCK_VOUCHER_10000,SEASHELLS,180,1
71700,SUBMISSION,,VOLCANIC_ROCK,SEASHELLS,10160,19
71700,,SUBMISSION,VOLCANIC_ROCK_VOUCHER_9500,SEASHELLS,659,18
71700,,SUBMISSION,VOLCANIC_ROCK_VOUCHER_9500,SEASHELLS,659,1
71800,,SUBMISSION,VOLCANIC_ROCK,SEASHELLS,10159,5
71800,SUBMISSION,,VOLCANIC_ROCK_VOUCHER_10250,SEASHELLS,34,16
71800,SUBMISSION,,VOLCANIC_ROCK_VOUCHER_10250,SEASHELLS,34,1
72100,,SUBMISSION,VOLCANIC_ROCK,SEASHELLS,10158,3
72100,SUBMISSION,,VOLCANIC_ROCK_VOUCHER_10250,SEASHELLS,34,10
72100,SUBMISSION,,VOLCANIC_ROCK_VOUCHER_10250,SEASHELLS,34,1
72300,SUBMISSION,,VOLCANIC_ROCK,SEASHELLS,10158,18
72300,,SUBMISSION,VOLCANIC_ROCK_VOUCHER_9500,SEASHELLS,657,18
73300,SUBMISSION,,VOLCANIC_ROCK,SEASHELLS,10162,13
73300,,SUBMISSION,VOLCANIC_ROCK_VOUCHER_10000,SEASHELLS,180,16
73400,,SUBMISSION,VOLCANIC_ROCK,SEASHELLS,10166,17
73400,SUBMISSION,,VOLCANIC_ROCK_VOUCHER_10000,SEASHELLS,179,20
74000,SUBMISSION,,VOLCANIC_ROCK,SEASHELLS,10164,1
74000,,SUBMISSION,VOLCANIC_ROCK,SEASHELLS,10162,18
74000,SUBMISSION,,VOLCANIC_ROCK,SEASHELLS,10164,1
74000,,SUBMISSION,VOLCANIC_ROCK_VOUCHER_10000,SEASHELLS,180,1
74000,,SUBMISSION,VOLCANIC_ROCK_VOUCHER_9500,SEASHELLS,663,1
74000,SUBMISSION,,VOLCANIC_ROCK_VOUCHER_9750,SEASHELLS,414,17
74000,SUBMISSION,,VOLCANIC_ROCK_VOUCHER_9750,SEASHELLS,414,1
74500,,SUBMISSION,VOLCANIC_ROCK,SEASHELLS,10169,12
74500,,SUBMISSION,VOLCANIC_ROCK,SEASHELLS,10169,4
74500,SUBMISSION,,VOLCANIC_ROCK_VOUCHER_10250,SEASHELLS,37,10
74500,SUBMISSION,,VOLCANIC_ROCK_VOUCHER_10250,SEASHELLS,37,2
74500,SUBMISSION,,VOLCANIC_ROCK_VOUCHER_9500,SEASHELLS,670,10
74500,SUBMISSION,,VOLCANIC_ROCK_VOUCHER_9500,SEASHELLS,670,2
74800,SUBMISSION,,VOLCANIC_ROCK,SEASHELLS,10167,10
74800,,SUBMISSION,VOLCANIC_ROCK_VOUCHER_9500,SEASHELLS,666,10
75500,SUBMISSION,,VOLCANIC_ROCK,SEASHELLS,10166,2
75500,,SUBMISSION,VOLCANIC_ROCK_VOUCHER_9500,SEASHELLS,665,2
76100,,SUBMISSION,VOLCANIC_ROCK,SEASHELLS,10162,3
76100,SUBMISSION,,VOLCANIC_ROCK_VOUCHER_10250,SEASHELLS,35,10
76900,,SUBMISSION,VOLCANIC_ROCK,SEASHELLS,10153,14
76900,SUBMISSION,,VOLCANIC_ROCK,SEASHELLS,10154,17
76900,,SUBMISSION,VOLCANIC_ROCK,SEASHELLS,10153,17
76900,SUBMISSION,,VOLCANIC_ROCK_VOUCHER_10000,SEASHELLS,168,15
76900,SUBMISSION,,VOLCANIC_ROCK_VOUCHER_10000,SEASHELLS,168,2
76900,SUBMISSION,,VOLCANIC_ROCK_VOUCHER_9500,SEASHELLS,654,15
76900,SUBMISSION,,VOLCANIC_ROCK_VOUCHER_9500,SEASHELLS,654,2
76900,,SUBMISSION,VOLCANIC_ROCK_VOUCHER_9750,SEASHELLS,405,15
76900,,SUBMISSION,VOLCANIC_ROCK_VOUCHER_9750,SEASHELLS,405,2
77700,SUBMISSION,,VOLCANIC_ROCK,SEASHELLS,10154,4
77700,,SUBMISSION,VOLCANIC_ROCK_VOUCHER_10250,SEASHELLS,31,13
77700,,SUBMISSION,VOLCANIC_ROCK_VOUCHER_10250,SEASHELLS,31,1
78200,SUBMISSION,,VOLCANIC_ROCK,SEASHELLS,10149,5
78200,,SUBMISSION,VOLCANIC_ROCK_VOUCHER_10250,SEASHELLS,30,19
79000,SUBMISSION,,VOLCANIC_ROCK,SEASHELLS,10153,1
79000,,SUBMISSION,VOLCANIC_ROCK_VOUCHER_10250,SEASHELLS,31,4
79000,,SUBMISSION,VOLCANIC_ROCK_VOUCHER_10250,SEASHELLS,31,1
79500,SUBMISSION,,VOLCANIC_ROCK,SEASHELLS,10154,4
79500,,SUBMISSION,VOLCANIC_ROCK_VOUCHER_10250,SEASHELLS,31,13
79500,,SUBMISSION,VOLCANIC_ROCK_VOUCHER_10250,SEASHELLS,31,1
80100,SUBMISSION,,VOLCANIC_ROCK,SEASHELLS,10154,6
80100,,SUBMISSION,VOLCANIC_ROCK_VOUCHER_10250,SEASHELLS,31,20
80100,,SUBMISSION,VOLCANIC_ROCK_VOUCHER_10250,SEASHELLS,31,1
80200,,SUBMISSION,VOLCANIC_ROCK,SEASHELLS,10154,14
80200,SUBMISSION,,VOLCANIC_ROCK_VOUCHER_10000,SEASHELLS,173,16
80200,SUBMISSION,,VOLCANIC_ROCK_VOUCHER_10000,SEASHELLS,173,1
80300,SUBMISSION,,VOLCANIC_ROCK,SEASHELLS,10154,17
80300,,SUBMISSION,VOLCANIC_ROCK,SEASHELLS,10153,14
80300,SUBMISSION,,VOLCANIC_ROCK_VOUCHER_10000,SEASHELLS,171,16
80300,SUBMISSION,,VOLCANIC_ROCK_VOUCHER_10000,SEASHELLS,171,1
80300,,SUBMISSION,VOLCANIC_ROCK_VOUCHER_9750,SEASHELLS,405,16
80300,,SUBMISSION,VOLCANIC_ROCK_VOUCHER_9750,SEASHELLS,405,1
80400,SUBMISSION,,VOLCANIC_ROCK,SEASHELLS,10155,5
80400,,SUBMISSION,VOLCANIC_ROCK_VOUCHER_10250,SEASHELLS,31,17
81200,SUBMISSION,,VOLCANIC_ROCK,SEASHELLS,10157,18
81200,,SUBMISSION,VOLCANIC_ROCK,SEASHELLS,10156,18
81200,,SUBMISSION,VOLCANIC_ROCK_VOUCHER_9500,SEASHELLS,656,17
81200,,SUBMISSION,VOLCANIC_ROCK_VOUCHER_9500,SEASHELLS,656,1
81200,SUBMISSION,,VOLCANIC_ROCK_VOUCHER_9750,SEASHELLS,408,17
81200,SUBMISSION,,VOLCANIC_ROCK_VOUCHER_9750,SEASHELLS,408,1
81400,SUBMISSION,,VOLCANIC_ROCK,SEASHELLS,10162,11
81400,,SUBMISSION,VOLCANIC_ROCK_VOUCHER_10000,SEASHELLS,180,11
81400,,SUBMISSION,VOLCANIC_ROCK_VOUCHER_10000,SEASHELLS,180,2
81500,,SUBMISSION,VOLCANIC_ROCK,SEASHELLS,10161,5
81500,SUBMISSION,,VOLCANIC_ROCK_VOUCHER_10250,SEASHELLS,34,14
81500,SUBMISSION,,VOLCANIC_ROCK_VOUCHER_10250,SEASHELLS,34,1
81800,,SUBMISSION,VOLCANIC_ROCK,SEASHELLS,10162,9
81800,SUBMISSION,,VOLCANIC_ROCK,SEASHELLS,10164,11
81800,SUBMISSION,,VOLCANIC_ROCK_VOUCHER_10000,SEASHELLS,177,11
81800,,SUBMISSION,VOLCANIC_ROCK_VOUCHER_9750,SEASHELLS,414,11
82100,,SUBMISSION,VOLCANIC_ROCK,SEASHELLS,10157,5
82100,,SUBMISSION,VOLCANIC_ROCK,SEASHELLS,10157,17
82100,SUBMISSION,,VOLCANIC_ROCK_VOUCHER_10250,SEASHELLS,33,16
82100,SUBMISSION,,VOLCANIC_ROCK_VOUCHER_10250,SEASHELLS,33,1
82100,SUBMISSION,,VOLCANIC_ROCK_VOUCHER_9500,SEASHELLS,658,16
82100,SUBMISSION,,VOLCANIC_ROCK_VOUCHER_9500,SEASHELLS,658,1
82200,SUBMISSION,,VOLCANIC_ROCK,SEASHELLS,10157,20
82200,,SUBMISSION,VOLCANIC_ROCK,SEASHELLS,10156,21
82200,SUBMISSION,,VOLCANIC_ROCK_VOUCHER_9500,SEASHELLS,657,19
82200,SUBMISSION,,VOLCANIC_ROCK_VOUCHER_9500,SEASHELLS,657,2
82200,,SUBMISSION,VOLCANIC_ROCK_VOUCHER_9750,SEASHELLS,408,19
82200,,SUBMISSION,VOLCANIC_ROCK_VOUCHER_9750,SEASHELLS,408,2
83100,,SUBMISSION,VOLCANIC_ROCK,SEASHELLS,10156,4
83100,SUBMISSION,,VOLCANIC_ROCK_VOUCHER_10250,SEASHELLS,33,13
83100,SUBMISSION,,VOLCANIC_ROCK_VOUCHER_10250,SEASHELLS,33,2
83300,SUBMISSION,,VOLCANIC_ROCK,SEASHELLS,10160,13
83300,SUBMISSION,,VOLCANIC_ROCK,SEASHELLS,10160,4
83300,,SUBMISSION,VOLCANIC_ROCK_VOUCHER_10250,SEASHELLS,33,12
83300,,SUBMISSION,VOLCANIC_ROCK_VOUCHER_10250,SEASHELLS,33,1
83300,,SUBMISSION,VOLCANIC_ROCK_VOUCHER_9500,SEASHELLS,659,12
83300,,SUBMISSION,VOLCANIC_ROCK_VOUCHER_9500,SEASHELLS,659,1
83700,SUBMISSION,,VOLCANIC_ROCK,SEASHELLS,10163,14
83700,,SUBMISSION,VOLCANIC_ROCK,SEASHELLS,10162,14
83700,,SUBMISSION,VOLCANIC_ROCK,SEASHELLS,10162,12
83700,SUBMISSION,,VOLCANIC_ROCK_VOUCHER_10000,SEASHELLS,178,12
83700,SUBMISSION,,VOLCANIC_ROCK_VOUCHER_10000,SEASHELLS,178,2
83700,SUBMISSION,,VOLCANIC_ROCK_VOUCHER_9500,SEASHELLS,663,12
83700,SUBMISSION,,VOLCANIC_ROCK_VOUCHER_9500,SEASHELLS,663,2
83700,,SUBMISSION,VOLCANIC_ROCK_VOUCHER_9750,SEASHELLS,414,12
83700,,SUBMISSION,VOLCANIC_ROCK_VOUCHER_9750,SEASHELLS,414,2
83900,SUBMISSION,,VOLCANIC_ROCK,SEASHELLS,10164,11
83900,,SUBMISSION,VOLCANIC_ROCK_VOUCHER_10000,SEASHELLS,182,11
83900,,SUBMISSION,VOLCANIC_ROCK_VOUCHER_10000,SEASHELLS,182,2
84100,SUBMISSION,,VOLCANIC_ROCK,SEASHELLS,10164,12
84100,SUBMISSION,,VOLCANIC_ROCK,SEASHELLS,10164,5
84100,SUBMISSION,,VOLCANIC_ROCK,SEASHELLS,10164,15
84100,,SUBMISSION,VOLCANIC_ROCK,SEASHELLS,10162,15
84100,,SUBMISSION,VOLCANIC_ROCK_VOUCHER_10000,SEASHELLS,179,15
84100,,SUBMISSION,VOLCANIC_ROCK_VOUCHER_10250,SEASHELLS,34,15
84100,,SUBMISSION,VOLCANIC_ROCK_VOUCHER_9500,SEASHELLS,663,15
84100,SUBMISSION,,VOLCANIC_ROCK_VOUCHER_9750,SEASHELLS,414,15
84400,,SUBMISSION,VOLCANIC_ROCK,SEASHELLS,10163,18
84400,SUBMISSION,,VOLCANIC_ROCK,SEASHELLS,10164,18
84400,,SUBMISSION,VOLCANIC_ROCK,SEASHELLS,10163,6
84400,SUBMISSION,,VOLCANIC_ROCK_VOUCHER_10250,SEASHELLS,35,16
84400,SUBMISSION,,VOLCANIC_ROCK_VOUCHER_10250,SEASHELLS,35,2
84400,SUBMISSION,,VOLCANIC_ROCK_VOUCHER_9500,SEASHELLS,664,16
84400,SUBMISSION,,VOLCANIC_ROCK_VOUCHER_9500,SEASHELLS,664,2
84400,,SUBMISSION,VOLCANIC_ROCK_VOUCHER_9750,SEASHELLS,415,16
84400,,SUBMISSION,VOLCANIC_ROCK_VOUCHER_9750,SEASHELLS,415,2
84600,,SUBMISSION,VOLCANIC_ROCK,SEASHELLS,10163,16
84600,,SUBMISSION,VOLCANIC_ROCK,SEASHELLS,10163,13
84600,SUBMISSION,,VOLCANIC_ROCK,SEASHELLS,10164,16
84600,SUBMISSION,,VOLCANIC_ROCK_VOUCHER_10000,SEASHELLS,179,16
84600,SUBMISSION,,VOLCANIC_ROCK_VOUCHER_9500,SEASHELLS,664,16
84600,,SUBMISSION,VOLCANIC_ROCK_VOUCHER_9750,SEASHELLS,415,16
84700,,SUBMISSION,VOLCANIC_ROCK,SEASHELLS,10164,16
84700,SUBMISSION,,VOLCANIC_ROCK,SEASHELLS,10165,16
84700,,SUBMISSION,VOLCANIC_ROCK,SEASHELLS,10164,13
84700,SUBMISSION,,VOLCANIC_ROCK_VOUCHER_10000,SEASHELLS,181,15
84700,SUBMISSION,,VOLCANIC_ROCK_VOUCHER_10000,SEASHELLS,181,1
84700,SUBMISSION,,VOLCANIC_ROCK_VOUCHER_9500,SEASHELLS,665,15
84700,SUBMISSION,,VOLCANIC_ROCK_VOUCHER_9500,SEASHELLS,665,1
84700,,SUBMISSION,VOLCANIC_ROCK_VOUCHER_9750,SEASHELLS,416,15
84700,,SUBMISSION,VOLCANIC_ROCK_VOUCHER_9750,SEASHELLS,416,1
85300,SUBMISSION,,VOLCANIC_ROCK,SEASHELLS,10163,18
85300,,SUBMISSION,VOLCANIC_ROCK,SEASHELLS,10162,18
85300,SUBMISSION,,VOLCANIC_ROCK_VOUCHER_9500,SEASHELLS,663,18
85300,,SUBMISSION,VOLCANIC_ROCK_VOUCHER_9750,SEASHELLS,414,18
85600,,SUBMISSION,VOLCANIC_ROCK,SEASHELLS,10164,12
85600,,SUBMISSION,VOLCANIC_ROCK,SEASHELLS,10164,4
85600,SUBMISSION,,VOLCANIC_ROCK,SEASHELLS,10165,12
85600,SUBMISSION,,VOLCANIC_ROCK_VOUCHER_10250,SEASHELLS,35,10
85600,SUBMISSION,,VOLCANIC_ROCK_VOUCHER_10250,SEASHELLS,35,2
85600,SUBMISSION,,VOLCANIC_ROCK_VOUCHER_9500,SEASHELLS,665,10
85600,SUBMISSION,,VOLCANIC_ROCK_VOUCHER_9500,SEASHELLS,665,2
85600,,SUBMISSION,VOLCANIC_ROCK_VOUCHER_9750,SEASHELLS,416,10
85600,,SUBMISSION,VOLCANIC_ROCK_VOUCHER_9750,SEASHELLS,416,2
86100,SUBMISSION,,VOLCANIC_ROCK,SEASHELLS,10165,21
86100,,SUBMISSION,VOLCANIC_ROCK,SEASHELLS,10164,14
86100,,SUBMISSION,VOLCANIC_ROCK,SEASHELLS,10164,17
86100,SUBMISSION,,VOLCANIC_ROCK_VOUCHER_10000,SEASHELLS,179,17
86100,SUBMISSION,,VOLCANIC_ROCK_VOUCHER_9500,SEASHELLS,665,17
86100,,SUBMISSION,VOLCANIC_ROCK_VOUCHER_9750,SEASHELLS,416,17
86100,,SUBMISSION,VOLCANIC_ROCK_VOUCHER_9750,SEASHELLS,416,5
86400,SUBMISSION,,VOLCANIC_ROCK,SEASHELLS,10163,12
86400,,SUBMISSION,VOLCANIC_ROCK_VOUCHER_10000,SEASHELLS,178,15
86600,SUBMISSION,,VOLCANIC_ROCK,SEASHELLS,10163,14
86600,,SUBMISSION,VOLCANIC_ROCK_VOUCHER_9500,SEASHELLS,662,14
86900,SUBMISSION,,VOLCANIC_ROCK,SEASHELLS,10162,7
86900,,SUBMISSION,VOLCANIC_ROCK,SEASHELLS,10161,14
86900,,SUBMISSION,VOLCANIC_ROCK_VOUCHER_9500,SEASHELLS,662,7
86900,SUBMISSION,,VOLCANIC_ROCK_VOUCHER_9750,SEASHELLS,414,12
86900,SUBMISSION,,VOLCANIC_ROCK_VOUCHER_9750,SEASHELLS,414,2
87400,,SUBMISSION,VOLCANIC_ROCK,SEASHELLS,10164,15
87400,,SUBMISSION,VOLCANIC_ROCK,SEASHELLS,10164,5
87400,SUBMISSION,,VOLCANIC_ROCK_VOUCHER_10250,SEASHELLS,35,15
87400,SUBMISSION,,VOLCANIC_ROCK_VOUCHER_9500,SEASHELLS,665,15
87800,,SUBMISSION,VOLCANIC_ROCK,SEASHELLS,10163,14
87800,SUBMISSION,,VOLCANIC_ROCK,SEASHELLS,10164,14
87800,,SUBMISSION,VOLCANIC_ROCK,SEASHELLS,10163,4
87800,SUBMISSION,,VOLCANIC_ROCK_VOUCHER_10250,SEASHELLS,35,12
87800,SUBMISSION,,VOLCANIC_ROCK_VOUCHER_10250,SEASHELLS,35,2
87800,SUBMISSION,,VOLCANIC_ROCK_VOUCHER_9500,SEASHELLS,664,12
87800,SUBMISSION,,VOLCANIC_ROCK_VOUCHER_9500,SEASHELLS,664,2
87800,,SUBMISSION,VOLCANIC_ROCK_VOUCHER_9750,SEASHELLS,415,12
87800,,SUBMISSION,VOLCANIC_ROCK_VOUCHER_9750,SEASHELLS,415,2
88200,SUBMISSION,,VOLCANIC_ROCK,SEASHELLS,10168,5
88200,,SUBMISSION,VOLCANIC_ROCK_VOUCHER_10250,SEASHELLS,35,17
88500,,SUBMISSION,VOLCANIC_ROCK,SEASHELLS,10168,13
88500,,SUBMISSION,VOLCANIC_ROCK,SEASHELLS,10168,16
88500,SUBMISSION,,VOLCANIC_ROCK,SEASHELLS,10169,16
88500,SUBMISSION,,VOLCANIC_ROCK_VOUCHER_10000,SEASHELLS,183,15
88500,SUBMISSION,,VOLCANIC_ROCK_VOUCHER_10000,SEASHELLS,183,1
88500,SUBMISSION,,VOLCANIC_ROCK_VOUCHER_9500,SEASHELLS,669,15
88500,SUBMISSION,,VOLCANIC_ROCK_VOUCHER_9500,SEASHELLS,669,1
88500,,SUBMISSION,VOLCANIC_ROCK_VOUCHER_9750,SEASHELLS,420,15
88500,,SUBMISSION,VOLCANIC_ROCK_VOUCHER_9750,SEASHELLS,420,1
88700,SUBMISSION,,VOLCANIC_ROCK,SEASHELLS,10177,19
88700,,SUBMISSION,VOLCANIC_ROCK_VOUCHER_9500,SEASHELLS,676,17
88700,,SUBMISSION,VOLCANIC_ROCK_VOUCHER_9500,SEASHELLS,676,2
88800,SUBMISSION,,VOLCANIC_ROCK,SEASHELLS,10178,4
88800,,SUBMISSION,VOLCANIC_ROCK,SEASHELLS,10177,22
88800,,SUBMISSION,VOLCANIC_ROCK,SEASHELLS,10177,19
88800,SUBMISSION,,VOLCANIC_ROCK_VOUCHER_10000,SEASHELLS,191,20
88800,SUBMISSION,,VOLCANIC_ROCK_VOUCHER_10000,SEASHELLS,191,2
88800,SUBMISSION,,VOLCANIC_ROCK_VOUCHER_9500,SEASHELLS,678,20
88800,SUBMISSION,,VOLCANIC_ROCK_VOUCHER_9500,SEASHELLS,678,2
88800,,SUBMISSION,VOLCANIC_ROCK_VOUCHER_9750,SEASHELLS,429,4
88900,SUBMISSION,,VOLCANIC_ROCK,SEASHELLS,10177,5
88900,,SUBMISSION,VOLCANIC_ROCK,SEASHELLS,10175,15
88900,SUBMISSION,,VOLCANIC_ROCK,SEASHELLS,10177,13
88900,SUBMISSION,,VOLCANIC_ROCK,SEASHELLS,10177,15
88900,,SUBMISSION,VOLCANIC_ROCK_VOUCHER_10000,SEASHELLS,189,15
88900,,SUBMISSION,VOLCANIC_ROCK_VOUCHER_10250,SEASHELLS,38,15
88900,,SUBMISSION,VOLCANIC_ROCK_VOUCHER_9500,SEASHELLS,676,15
88900,SUBMISSION,,VOLCANIC_ROCK_VOUCHER_9750,SEASHELLS,427,15
89700,,SUBMISSION,VOLCANIC_ROCK,SEASHELLS,10179,18
89700,SUBMISSION,,VOLCANIC_ROCK,SEASHELLS,10181,15
89700,SUBMISSION,,VOLCANIC_ROCK_VOUCHER_10000,SEASHELLS,193,19
89700,SUBMISSION,,VOLCANIC_ROCK_VOUCHER_10000,SEASHELLS,193,2
89700,,SUBMISSION,VOLCANIC_ROCK_VOUCHER_9750,SEASHELLS,431,15
90600,SUBMISSION,,VOLCANIC_ROCK,SEASHELLS,10176,14
90600,,SUBMISSION,VOLCANIC_ROCK_VOUCHER_9500,SEASHELLS,675,14
90700,SUBMISSION,,VOLCANIC_ROCK,SEASHELLS,10174,6
90700,,SUBMISSION,VOLCANIC_ROCK_VOUCHER_10250,SEASHELLS,37,18
90700,,SUBMISSION,VOLCANIC_ROCK_VOUCHER_10250,SEASHELLS,37,1
90800,SUBMISSION,,VOLCANIC_ROCK,SEASHELLS,10173,22
90800,,SUBMISSION,VOLCANIC_ROCK_VOUCHER_9500,SEASHELLS,672,20
90800,,SUBMISSION,VOLCANIC_ROCK_VOUCHER_9500,SEASHELLS,672,2
91000,,SUBMISSION,VOLCANIC_ROCK,SEASHELLS,10171,1
91000,,SUBMISSION,VOLCANIC_ROCK,SEASHELLS,10171,11
91000,,SUBMISSION,VOLCANIC_ROCK,SEASHELLS,10171,4
91000,SUBMISSION,,VOLCANIC_ROCK_VOUCHER_10000,SEASHELLS,190,12
91000,SUBMISSION,,VOLCANIC_ROCK_VOUCHER_10000,SEASHELLS,190,1
91000,SUBMISSION,,VOLCANIC_ROCK_VOUCHER_10250,SEASHELLS,37,12
91000,SUBMISSION,,VOLCANIC_ROCK_VOUCHER_10250,SEASHELLS,37,1
91000,SUBMISSION,,VOLCANIC_ROCK_VOUCHER_9500,SEASHELLS,672,1
91200,SUBMISSION,,VOLCANIC_ROCK,SEASHELLS,10173,10
91200,,SUBMISSION,VOLCANIC_ROCK_VOUCHER_10000,SEASHELLS,187,10
91200,,SUBMISSION,VOLCANIC_ROCK_VOUCHER_10000,SEASHELLS,187,2
91400,,SUBMISSION,VOLCANIC_ROCK,SEASHELLS,10173,1
91400,,SUBMISSION,VOLCANIC_ROCK,SEASHELLS,10173,19
91400,SUBMISSION,,VOLCANIC_ROCK_VOUCHER_10000,SEASHELLS,187,1
91400,SUBMISSION,,VOLCANIC_ROCK_VOUCHER_9500,SEASHELLS,674,19
91700,,SUBMISSION,VOLCANIC_ROCK,SEASHELLS,10175,1
91700,SUBMISSION,,VOLCANIC_ROCK_VOUCHER_9500,SEASHELLS,675,1
91800,,SUBMISSION,VOLCANIC_ROCK,SEASHELLS,10176,16
91800,,SUBMISSION,VOLCANIC_ROCK,SEASHELLS,10176,13
91800,SUBMISSION,,VOLCANIC_ROCK_VOUCHER_10000,SEASHELLS,192,15
91800,SUBMISSION,,VOLCANIC_ROCK_VOUCHER_10000,SEASHELLS,192,1
91800,SUBMISSION,,VOLCANIC_ROCK_VOUCHER_9500,SEASHELLS,677,15
91800,SUBMISSION,,VOLCANIC_ROCK_VOUCHER_9500,SEASHELLS,677,1
92000,SUBMISSION,,VOLCANIC_ROCK,SEASHELLS,10179,18
92000,,SUBMISSION,VOLCANIC_ROCK_VOUCHER_9500,SEASHELLS,678,16
92000,,SUBMISSION,VOLCANIC_ROCK_VOUCHER_9500,SEASHELLS,678,2
92600,SUBMISSION,,VOLCANIC_ROCK,SEASHELLS,10169,13
92600,,SUBMISSION,VOLCANIC_ROCK_VOUCHER_10000,SEASHELLS,183,14
92600,,SUBMISSION,VOLCANIC_ROCK_VOUCHER_10000,SEASHELLS,183,2
92700,SUBMISSION,,VOLCANIC_ROCK,SEASHELLS,10169,24
92700,,SUBMISSION,VOLCANIC_ROCK_VOUCHER_10000,SEASHELLS,183,16
92700,,SUBMISSION,VOLCANIC_ROCK_VOUCHER_10000,SEASHELLS,183,13
92900,SUBMISSION,,VOLCANIC_ROCK,SEASHELLS,10168,14
92900,SUBMISSION,,VOLCANIC_ROCK,SEASHELLS,10168,12
92900,,SUBMISSION,VOLCANIC_ROCK,SEASHELLS,10166,14
92900,,SUBMISSION,VOLCANIC_ROCK_VOUCHER_10000,SEASHELLS,183,13
92900,,SUBMISSION,VOLCANIC_ROCK_VOUCHER_10000,SEASHELLS,183,1
92900,,SUBMISSION,VOLCANIC_ROCK_VOUCHER_9500,SEASHELLS,667,13
92900,,SUBMISSION,VOLCANIC_ROCK_VOUCHER_9500,SEASHELLS,667,1
92900,SUBMISSION,,VOLCANIC_ROCK_VOUCHER_9750,SEASHELLS,419,13
92900,SUBMISSION,,VOLCANIC_ROCK_VOUCHER_9750,SEASHELLS,419,1
93100,SUBMISSION,,VOLCANIC_ROCK,SEASHELLS,10171,3
93100,,SUBMISSION,VOLCANIC_ROCK_VOUCHER_10000,SEASHELLS,185,3
93200,SUBMISSION,,VOLCANIC_ROCK,SEASHELLS,10168,1
93200,,SUBMISSION,VOLCANIC_ROCK,SEASHELLS,10167,6
93200,,SUBMISSION,VOLCANIC_ROCK,SEASHELLS,10167,20
93200,SUBMISSION,,VOLCANIC_ROCK_VOUCHER_10250,SEASHELLS,36,19
93200,SUBMISSION,,VOLCANIC_ROCK_VOUCHER_10250,SEASHELLS,36,1
93200,SUBMISSION,,VOLCANIC_ROCK_VOUCHER_9500,SEASHELLS,668,19
93200,SUBMISSION,,VOLCANIC_ROCK_VOUCHER_9500,SEASHELLS,668,1
93200,,SUBMISSION,VOLCANIC_ROCK_VOUCHER_9750,SEASHELLS,419,1
93700,SUBMISSION,,VOLCANIC_ROCK,SEASHELLS,10162,13
93700,,SUBMISSION,VOLCANIC_ROCK,SEASHELLS,10161,19
93700,,SUBMISSION,VOLCANIC_ROCK,SEASHELLS,10161,16
93700,SUBMISSION,,VOLCANIC_ROCK_VOUCHER_10000,SEASHELLS,176,18
93700,SUBMISSION,,VOLCANIC_ROCK_VOUCHER_10000,SEASHELLS,176,1
93700,SUBMISSION,,VOLCANIC_ROCK_VOUCHER_9500,SEASHELLS,662,18
93700,SUBMISSION,,VOLCANIC_ROCK_VOUCHER_9500,SEASHELLS,662,1
93700,,SUBMISSION,VOLCANIC_ROCK_VOUCHER_9750,SEASHELLS,413,13
93800,,SUBMISSION,VOLCANIC_ROCK,SEASHELLS,10163,13
93800,,SUBMISSION,VOLCANIC_ROCK,SEASHELLS,10163,4
93800,SUBMISSION,,VOLCANIC_ROCK_VOUCHER_10250,SEASHELLS,35,11
93800,SUBMISSION,,VOLCANIC_ROCK_VOUCHER_10250,SEASHELLS,35,2
93800,SUBMISSION,,VOLCANIC_ROCK_VOUCHER_9500,SEASHELLS,664,11
93800,SUBMISSION,,VOLCANIC_ROCK_VOUCHER_9500,SEASHELLS,664,2
94000,SUBMISSION,,VOLCANIC_ROCK,SEASHELLS,10165,19
94000,,SUBMISSION,VOLCANIC_ROCK_VOUCHER_9500,SEASHELLS,664,18
94000,,SUBMISSION,VOLCANIC_ROCK_VOUCHER_9500,SEASHELLS,664,1
94100,,SUBMISSION,VOLCANIC_ROCK,SEASHELLS,10162,13
94100,SUBMISSION,,VOLCANIC_ROCK_VOUCHER_10000,SEASHELLS,177,13
94100,SUBMISSION,,VOLCANIC_ROCK_VOUCHER_10000,SEASHELLS,177,2
94400,,SUBMISSION,VOLCANIC_ROCK,SEASHELLS,10164,3
94400,,SUBMISSION,VOLCANIC_ROCK,SEASHELLS,10164,1
94400,SUBMISSION,,VOLCANIC_ROCK_VOUCHER_10250,SEASHELLS,34,3
94400,SUBMISSION,,VOLCANIC_ROCK_VOUCHER_9500,SEASHELLS,664,3
95400,,SUBMISSION,VOLCANIC_ROCK,SEASHELLS,10172,19
95400,SUBMISSION,,VOLCANIC_ROCK,SEASHELLS,10173,19
95400,SUBMISSION,,VOLCANIC_ROCK,SEASHELLS,10173,16
95400,,SUBMISSION,VOLCANIC_ROCK_VOUCHER_10000,SEASHELLS,189,19
95400,,SUBMISSION,VOLCANIC_ROCK_VOUCHER_9500,SEASHELLS,672,19
95400,SUBMISSION,,VOLCANIC_ROCK_VOUCHER_9750,SEASHELLS,424,19
95600,,SUBMISSION,VOLCANIC_ROCK,SEASHELLS,10175,17
95600,,SUBMISSION,VOLCANIC_ROCK,SEASHELLS,10175,14
95600,SUBMISSION,,VOLCANIC_ROCK,SEASHELLS,10176,17
95600,SUBMISSION,,VOLCANIC_ROCK_VOUCHER_10000,SEASHELLS,189,16
95600,SUBMISSION,,VOLCANIC_ROCK_VOUCHER_10000,SEASHELLS,189,1
95600,SUBMISSION,,VOLCANIC_ROCK_VOUCHER_9500,SEASHELLS,676,16
95600,SUBMISSION,,VOLCANIC_ROCK_VOUCHER_9500,SEASHELLS,676,1
95600,,SUBMISSION,VOLCANIC_ROCK_VOUCHER_9750,SEASHELLS,427,16
95600,,SUBMISSION,VOLCANIC_ROCK_VOUCHER_9750,SEASHELLS,427,1
95700,SUBMISSION,,VOLCANIC_ROCK,SEASHELLS,10176,19
95700,,SUBMISSION,VOLCANIC_ROCK_VOUCHER_9500,SEASHELLS,675,18
95700,,SUBMISSION,VOLCANIC_ROCK_VOUCHER_9500,SEASHELLS,675,1
96000,SUBMISSION,,VOLCANIC_ROCK,SEASHELLS,10178,1
96000,,SUBMISSION,VOLCANIC_ROCK,SEASHELLS,10177,6
96000,,SUBMISSION,VOLCANIC_ROCK,SEASHELLS,10177,19
96000,SUBMISSION,,VOLCANIC_ROCK_VOUCHER_10250,SEASHELLS,39,17
96000,SUBMISSION,,VOLCANIC_ROCK_VOUCHER_10250,SEASHELLS,39,2
96000,SUBMISSION,,VOLCANIC_ROCK_VOUCHER_9500,SEASHELLS,678,17
96000,SUBMISSION,,VOLCANIC_ROCK_VOUCHER_9500,SEASHELLS,678,2
96000,,SUBMISSION,VOLCANIC_ROCK_VOUCHER_9750,SEASHELLS,429,0
96000,,SUBMISSION,VOLCANIC_ROCK_VOUCHER_9750,SEASHELLS,429,1
96200,,SUBMISSION,VOLCANIC_ROCK,SEASHELLS,10179,16
96200,,SUBMISSION,VOLCANIC_ROCK,SEASHELLS,10179,7
96200,SUBMISSION,,VOLCANIC_ROCK,SEASHELLS,10181,1
96200,,SUBMISSION,VOLCANIC_ROCK,SEASHELLS,10179,19
96200,SUBMISSION,,VOLCANIC_ROCK_VOUCHER_10000,SEASHELLS,195,19
96200,SUBMISSION,,VOLCANIC_ROCK_VOUCHER_10250,SEASHELLS,40,19
96200,SUBMISSION,,VOLCANIC_ROCK_VOUCHER_9500,SEASHELLS,680,19
96200,,SUBMISSION,VOLCANIC_ROCK_VOUCHER_9750,SEASHELLS,430,1
96300,SUBMISSION,,VOLCANIC_ROCK,SEASHELLS,10181,15
96300,,SUBMISSION,VOLCANIC_ROCK_VOUCHER_9500,SEASHELLS,680,15
96600,,SUBMISSION,VOLCANIC_ROCK,SEASHELLS,10177,1
96600,,SUBMISSION,VOLCANIC_ROCK,SEASHELLS,10177,1
96600,SUBMISSION,,VOLCANIC_ROCK_VOUCHER_10000,SEASHELLS,191,1
96600,SUBMISSION,,VOLCANIC_ROCK_VOUCHER_9500,SEASHELLS,677,1
96900,,SUBMISSION,VOLCANIC_ROCK,SEASHELLS,10176,16
96900,SUBMISSION,,VOLCANIC_ROCK,SEASHELLS,10178,16
96900,,SUBMISSION,VOLCANIC_ROCK_VOUCHER_9500,SEASHELLS,677,15
96900,,SUBMISSION,VOLCANIC_ROCK_VOUCHER_9500,SEASHELLS,677,1
96900,SUBMISSION,,VOLCANIC_ROCK_VOUCHER_9750,SEASHELLS,429,15
96900,SUBMISSION,,VOLCANIC_ROCK_VOUCHER_9750,SEASHELLS,429,1
97000,SUBMISSION,,VOLCANIC_ROCK,SEASHELLS,10177,14
97000,SUBMISSION,,VOLCANIC_ROCK,SEASHELLS,10177,5
97000,,SUBMISSION,VOLCANIC_ROCK_VOUCHER_10250,SEASHELLS,38,13
97000,,SUBMISSION,VOLCANIC_ROCK_VOUCHER_10250,SEASHELLS,38,1
97000,,SUBMISSION,VOLCANIC_ROCK_VOUCHER_9500,SEASHELLS,676,13
97000,,SUBMISSION,VOLCANIC_ROCK_VOUCHER_9500,SEASHELLS,676,1
97100,SUBMISSION,,VOLCANIC_ROCK,SEASHELLS,10177,4
97100,SUBMISSION,,VOLCANIC_ROCK,SEASHELLS,10177,12
97100,,SUBMISSION,VOLCANIC_ROCK_VOUCHER_10250,SEASHELLS,38,10
97100,,SUBMISSION,VOLCANIC_ROCK_VOUCHER_10250,SEASHELLS,38,2
97100,,SUBMISSION,VOLCANIC_ROCK_VOUCHER_9500,SEASHELLS,676,10
97100,,SUBMISSION,VOLCANIC_ROCK_VOUCHER_9500,SEASHELLS,676,2
97600,SUBMISSION,,VOLCANIC_ROCK,SEASHELLS,10179,18
97600,,SUBMISSION,VOLCANIC_ROCK_VOUCHER_10000,SEASHELLS,192,20
97600,,SUBMISSION,VOLCANIC_ROCK_VOUCHER_10000,SEASHELLS,192,1
97800,SUBMISSION,,VOLCANIC_ROCK,SEASHELLS,10177,19
97800,,SUBMISSION,VOLCANIC_ROCK_VOUCHER_9500,SEASHELLS,676,19
97900,,SUBMISSION,VOLCANIC_ROCK,SEASHELLS,10178,15
97900,SUBMISSION,,VOLCANIC_ROCK,SEASHELLS,10179,15
97900,SUBMISSION,,VOLCANIC_ROCK,SEASHELLS,10179,5
97900,,SUBMISSION,VOLCANIC_ROCK_VOUCHER_10250,SEASHELLS,38,14
97900,,SUBMISSION,VOLCANIC_ROCK_VOUCHER_10250,SEASHELLS,38,1
97900,,SUBMISSION,VOLCANIC_ROCK_VOUCHER_9500,SEASHELLS,679,14
97900,,SUBMISSION,VOLCANIC_ROCK_VOUCHER_9500,SEASHELLS,679,1
97900,SUBMISSION,,VOLCANIC_ROCK_VOUCHER_9750,SEASHELLS,430,14
97900,SUBMISSION,,VOLCANIC_ROCK_VOUCHER_9750,SEASHELLS,430,1
98100,SUBMISSION,,VOLCANIC_ROCK,SEASHELLS,10181,13
98100,,SUBMISSION,VOLCANIC_ROCK,SEASHELLS,10179,2
98100,SUBMISSION,,VOLCANIC_ROCK,SEASHELLS,10181,16
98100,,SUBMISSION,VOLCANIC_ROCK_VOUCHER_10000,SEASHELLS,197,14
98100,,SUBMISSION,VOLCANIC_ROCK_VOUCHER_10000,SEASHELLS,197,2
98100,,SUBMISSION,VOLCANIC_ROCK_VOUCHER_9500,SEASHELLS,680,14
98100,,SUBMISSION,VOLCANIC_ROCK_VOUCHER_9500,SEASHELLS,680,2
98100,SUBMISSION,,VOLCANIC_ROCK_VOUCHER_9750,SEASHELLS,431,2
98200,,SUBMISSION,VOLCANIC_ROCK,SEASHELLS,10178,12
98200,SUBMISSION,,VOLCANIC_ROCK,SEASHELLS,10180,17
98200,SUBMISSION,,VOLCANIC_ROCK,SEASHELLS,10180,20
98200,SUBMISSION,,VOLCANIC_ROCK,SEASHELLS,10180,7
98200,,SUBMISSION,VOLCANIC_ROCK_VOUCHER_10000,SEASHELLS,191,11
98200,,SUBMISSION,VOLCANIC_ROCK_VOUCHER_10000,SEASHELLS,191,1
98200,,SUBMISSION,VOLCANIC_ROCK_VOUCHER_10000,SEASHELLS,191,8
98200,,SUBMISSION,VOLCANIC_ROCK_VOUCHER_10250,SEASHELLS,38,11
98200,,SUBMISSION,VOLCANIC_ROCK_VOUCHER_10250,SEASHELLS,38,1
98200,,SUBMISSION,VOLCANIC_ROCK_VOUCHER_10250,SEASHELLS,38,8
98200,,SUBMISSION,VOLCANIC_ROCK_VOUCHER_9500,SEASHELLS,679,11
98200,,SUBMISSION,VOLCANIC_ROCK_VOUCHER_9500,SEASHELLS,679,1
98200,,SUBMISSION,VOLCANIC_ROCK_VOUCHER_9500,SEASHELLS,679,8
98200,SUBMISSION,,VOLCANIC_ROCK_VOUCHER_9750,SEASHELLS,430,11
98200,SUBMISSION,,VOLCANIC_ROCK_VOUCHER_9750,SEASHELLS,430,1
98300,SUBMISSION,,VOLCANIC_ROCK,SEASHELLS,10179,15
98300,,SUBMISSION,VOLCANIC_ROCK,SEASHELLS,10177,5
98300,,SUBMISSION,VOLCANIC_ROCK,SEASHELLS,10177,15
98300,SUBMISSION,,VOLCANIC_ROCK_VOUCHER_10250,SEASHELLS,39,14
98300,SUBMISSION,,VOLCANIC_ROCK_VOUCHER_10250,SEASHELLS,39,1
98300,SUBMISSION,,VOLCANIC_ROCK_VOUCHER_9500,SEASHELLS,678,14
98300,SUBMISSION,,VOLCANIC_ROCK_VOUCHER_9500,SEASHELLS,678,1
98300,,SUBMISSION,VOLCANIC_ROCK_VOUCHER_9750,SEASHELLS,428,14
98300,,SUBMISSION,VOLCANIC_ROCK_VOUCHER_9750,SEASHELLS,428,1
98600,SUBMISSION,,VOLCANIC_ROCK,SEASHELLS,10181,15
98600,,SUBMISSION,VOLCANIC_ROCK_VOUCHER_9500,SEASHELLS,680,15
98800,SUBMISSION,,VOLCANIC_ROCK,SEASHELLS,10182,19
98800,,SUBMISSION,VOLCANIC_ROCK_VOUCHER_9500,SEASHELLS,681,17
98800,,SUBMISSION,VOLCANIC_ROCK_VOUCHER_9500,SEASHELLS,681,2
98900,SUBMISSION,,VOLCANIC_ROCK,SEASHELLS,10182,4
98900,SUBMISSION,,VOLCANIC_ROCK,SEASHELLS,10182,9
98900,,SUBMISSION,VOLCANIC_ROCK,SEASHELLS,10180,11
98900,SUBMISSION,,VOLCANIC_ROCK,SEASHELLS,10182,11
98900,,SUBMISSION,VOLCANIC_ROCK_VOUCHER_10000,SEASHELLS,193,11
98900,,SUBMISSION,VOLCANIC_ROCK_VOUCHER_10250,SEASHELLS,39,11
98900,,SUBMISSION,VOLCANIC_ROCK_VOUCHER_9500,SEASHELLS,681,11
98900,SUBMISSION,,VOLCANIC_ROCK_VOUCHER_9750,SEASHELLS,432,11
99200,,SUBMISSION,VOLCANIC_ROCK,SEASHELLS,10177,15
99200,SUBMISSION,,VOLCANIC_ROCK_VOUCHER_10000,SEASHELLS,189,15
99200,SUBMISSION,,VOLCANIC_ROCK_VOUCHER_10000,SEASHELLS,189,2
