timestamp,buyer,seller,symbol,currency,price,quantity
0,SUBMISSION,,VOLCANIC_ROCK_VOUCHER_10500,SEASHELLS,2,15
0,SUBMISSION,,PICNIC_BASKET1,SEASHELLS,58339,2
0,SUBMISSION,,VOLCANIC_ROCK_VOUCHER_10500,SEASHELLS,2,2
100,SUBMISSION,,PICNIC_BASKET1,SEASHELLS,58338,1
100,SUBMISSION,,VOLCANIC_ROCK_VOUCHER_10500,SEASHELLS,2,18
100,SUBMISSION,,VOLCANIC_ROCK_VOUCHER_10500,SEASHELLS,2,1
200,SUBMISSION,,PICNIC_BASKET1,SEASHELLS,58335,15
200,SUBMISSION,,VOLCANIC_ROCK_VOUCHER_10500,SEASHELLS,2,15
200,,SUBMISSION,VOLCANIC_ROCK_VOUCHER_10000,SEASHELLS,34,15
300,,SUBMISSION,VOLCANIC_ROCK_VOUCHER_10000,SEASHELLS,33,13
300,SUBMISSION,,VOLCANIC_ROCK_VOUCHER_10500,SEASHELLS,2,13
300,SUBMISSION,,VOLCANIC_ROCK_VOUCHER_10500,SEASHELLS,2,1
300,SUBMISSION,,PICNIC_BASKET1,SEASHELLS,58343,1
300,,SUBMISSION,VOLCANIC_ROCK_VOUCHER_10000,SEASHELLS,33,1
400,SUBMISSION,,VOLCANIC_ROCK_VOUCHER_10500,SEASHELLS,2,18
400,SUBMISSION,,VOLCANIC_ROCK_VOUCHER_10000,SEASHELLS,31,18
400,SUBMISSION,,PICNIC_BASKET1,SEASHELLS,58341,18
400,,SUBMISSION,KELP,SEASHELLS,2038,1
500,,SUBMISSION,RAINFOREST_RESIN,SEASHELLS,10003,6
500,SUBMISSION,,PICNIC_BASKET1,SEASHELLS,58340,19
500,SUBMISSION,,VOLCANIC_ROCK_VOUCHER_10000,SEASHELLS,33,11
500,SUBMISSION,,VOLCANIC_ROCK_VOUCHER_10500,SEASHELLS,1,11
500,SUBMISSION,,VOLCANIC_ROCK_VOUCHER_10500,SEASHELLS,1,19
600,SUBMISSION,,VOLCANIC_ROCK_VOUCHER_10500,SEASHELLS,2,19
600,SUBMISSION,,PICNIC_BASKET1,SEASHELLS,58334,1
600,SUBMISSION,,VOLCANIC_ROCK_VOUCHER_10500,SEASHELLS,2,1
700,,SUBMISSION,VOLCANIC_ROCK_VOUCHER_10000,SEASHELLS,36,11
700,SUBMISSION,,VOLCANIC_ROCK_VOUCHER_10500,SEASHELLS,2,1
700,SUBMISSION,,VOLCANIC_ROCK_VOUCHER_10500,SEASHELLS,2,11
700,SUBMISSION,,PICNIC_BASKET1,SEASHELLS,58330,1
700,,SUBMISSION,VOLCANIC_ROCK_VOUCHER_10000,SEASHELLS,36,1
700,,SUBMISSION,MAGNIFICENT_MACARONS,SEASHELLS,776,9
800,SUBMISSION,,PICNIC_BASKET1,SEASHELLS,58333,2
800,SUBMISSION,,VOLCANIC_ROCK_VOUCHER_10500,SEASHELLS,2,16
800,,SUBMISSION,VOLCANIC_ROCK_VOUCHER_10000,SEASHELLS,33,16
900,SUBMISSION,,VOLCANIC_ROCK_VOUCHER_10500,SEASHELLS,2,1
900,SUBMISSION,,VOLCANIC_ROCK_VOUCHER_10500,SEASHELLS,2,11
1100,SUBMISSION,,KELP,SEASHELLS,2037,1
1100,,SUBMISSION,MAGNIFICENT_MACARONS,SEASHELLS,773,5
1100,,SUBMISSION,VOLCANIC_ROCK_VOUCHER_10000,SEASHELLS,33,17
1100,,SUBMISSION,VOLCANIC_ROCK_VOUCHER_10000,SEASHELLS,33,2
1100,SUBMISSION,,KELP,SEASHELLS,2037,2
1200,SUBMISSION,,KELP,SEASHELLS,2036,1
1300,SUBMISSION,,RAINFOREST_RESIN,SEASHELLS,9999,1
1300,,SUBMISSION,MAGNIFICENT_MACARONS,SEASHELLS,770,6
1400,,SUBMISSION,VOLCANIC_ROCK_VOUCHER_10000,SEASHELLS,33,2
1400,,SUBMISSION,VOLCANIC_ROCK_VOUCHER_10000,SEASHELLS,33,14
1500,SUBMISSION,,KELP,SEASHELLS,2036,4
1500,SUBMISSION,,RAINFOREST_RESIN,SEASHELLS,9998,4
1600,,SUBMISSION,VOLCANIC_ROCK_VOUCHER_10000,SEASHELLS,34,1
1600,,SUBMISSION,VOLCANIC_ROCK_VOUCHER_10000,SEASHELLS,34,20
1700,SUBMISSION,,VOLCANIC_ROCK_VOUCHER_10000,SEASHELLS,34,16
1700,SUBMISSION,,KELP,SEASHELLS,2036,2
1700,SUBMISSION,,RAINFOREST_RESIN,SEASHELLS,9993,2
1700,SUBMISSION,,RAINFOREST_RESIN,SEASHELLS,9997,6
1800,SUBMISSION,,VOLCANIC_ROCK_VOUCHER_10000,SEASHELLS,35,1
1800,SUBMISSION,,VOLCANIC_ROCK_VOUCHER_10000,SEASHELLS,35,16
1900,,SUBMISSION,VOLCANIC_ROCK_VOUCHER_10000,SEASHELLS,34,15
2000,,SUBMISSION,VOLCANIC_ROCK_VOUCHER_10000,SEASHELLS,35,2
2000,,SUBMISSION,VOLCANIC_ROCK_VOUCHER_10000,SEASHELLS,35,19
2200,SUBMISSION,,VOLCANIC_ROCK_VOUCHER_10000,SEASHELLS,34,19
2200,SUBMISSION,,VOLCANIC_ROCK_VOUCHER_10000,SEASHELLS,34,1
2300,,SUBMISSION,VOLCANIC_ROCK_VOUCHER_10000,SEASHELLS,41,10
2300,,SUBMISSION,KELP,SEASHELLS,2038,15
2300,,SUBMISSION,VOLCANIC_ROCK_VOUCHER_10000,SEASHELLS,41,14
2300,,SUBMISSION,VOLCANIC_ROCK_VOUCHER_10000,SEASHELLS,41,1
2400,,SUBMISSION,RAINFOREST_RESIN,SEASHELLS,10001,1
2400,SUBMISSION,,VOLCANIC_ROCK_VOUCHER_10000,SEASHELLS,35,18
2400,SUBMISSION,,VOLCANIC_ROCK_VOUCHER_10000,SEASHELLS,35,1
2400,,SUBMISSION,KELP,SEASHELLS,2038,8
2500,SUBMISSION,,RAINFOREST_RESIN,SEASHELLS,9999,1
2700,SUBMISSION,,VOLCANIC_ROCK_VOUCHER_10000,SEASHELLS,35,17
2700,,SUBMISSION,KELP,SEASHELLS,2038,10
2800,SUBMISSION,,VOLCANIC_ROCK_VOUCHER_10000,SEASHELLS,32,2
2800,SUBMISSION,,VOLCANIC_ROCK_VOUCHER_10000,SEASHELLS,32,14
2900,SUBMISSION,,VOLCANIC_ROCK_VOUCHER_10000,SEASHELLS,34,2
2900,SUBMISSION,,VOLCANIC_ROCK_VOUCHER_10000,SEASHELLS,34,11
2900,,SUBMISSION,RAINFOREST_RESIN,SEASHELLS,10001,1
3000,SUBMISSION,,VOLCANIC_ROCK_VOUCHER_10000,SEASHELLS,34,1
3000,SUBMISSION,,VOLCANIC_ROCK_VOUCHER_10000,SEASHELLS,34,14
3200,,SUBMISSION,VOLCANIC_ROCK_VOUCHER_10000,SEASHELLS,34,15
3200,,SUBMISSION,KELP,SEASHELLS,2038,1
3300,,SUBMISSION,VOLCANIC_ROCK_VOUCHER_10000,SEASHELLS,35,18
3300,,SUBMISSION,VOLCANIC_ROCK_VOUCHER_10000,SEASHELLS,35,2
3400,,SUBMISSION,RAINFOREST_RESIN,SEASHELLS,10001,1
3400,,SUBMISSION,KELP,SEASHELLS,2038,4
3500,SUBMISSION,,RAINFOREST_RESIN,SEASHELLS,9993,8
3600,,SUBMISSION,RAINFOREST_RESIN,SEASHELLS,10007,4
3700,SUBMISSION,,VOLCANIC_ROCK_VOUCHER_10000,SEASHELLS,35,18
3700,SUBMISSION,,VOLCANIC_ROCK_VOUCHER_10000,SEASHELLS,35,2
3800,,SUBMISSION,KELP,SEASHELLS,2039,2
3800,,SUBMISSION,VOLCANIC_ROCK_VOUCHER_10000,SEASHELLS,35,12
3900,SUBMISSION,,VOLCANIC_ROCK_VOUCHER_10000,SEASHELLS,35,1
3900,SUBMISSION,,VOLCANIC_ROCK_VOUCHER_10000,SEASHELLS,35,20
4100,SUBMISSION,,VOLCANIC_ROCK_VOUCHER_10000,SEASHELLS,37,1
4100,SUBMISSION,,VOLCANIC_ROCK_VOUCHER_10000,SEASHELLS,37,16
4100,,SUBMISSION,RAINFOREST_RESIN,SEASHELLS,10002,5
4300,,SUBMISSION,VOLCANIC_ROCK_VOUCHER_10000,SEASHELLS,36,10
4300,SUBMISSION,,KELP,SEASHELLS,2036,5
4400,,SUBMISSION,VOLCANIC_ROCK_VOUCHER_10000,SEASHELLS,42,12
4500,,SUBMISSION,KELP,SEASHELLS,2038,1
4500,,SUBMISSION,VOLCANIC_ROCK_VOUCHER_10000,SEASHELLS,38,20
4500,,SUBMISSION,VOLCANIC_ROCK_VOUCHER_10000,SEASHELLS,38,1
4600,,SUBMISSION,VOLCANIC_ROCK_VOUCHER_10000,SEASHELLS,36,2
4600,,SUBMISSION,VOLCANIC_ROCK_VOUCHER_10000,SEASHELLS,36,14
4700,SUBMISSION,,VOLCANIC_ROCK_VOUCHER_10000,SEASHELLS,37,2
4700,SUBMISSION,,VOLCANIC_ROCK_VOUCHER_10000,SEASHELLS,37,17
4700,SUBMISSION,,RAINFOREST_RESIN,SEASHELLS,9999,1
4900,,SUBMISSION,VOLCANIC_ROCK_VOUCHER_10000,SEASHELLS,40,12
4900,,SUBMISSION,VOLCANIC_ROCK_VOUCHER_10000,SEASHELLS,40,13
5000,SUBMISSION,,VOLCANIC_ROCK_VOUCHER_10000,SEASHELLS,39,2
5000,SUBMISSION,,VOLCANIC_ROCK_VOUCHER_10000,SEASHELLS,39,18
5100,SUBMISSION,,VOLCANIC_ROCK_VOUCHER_10000,SEASHELLS,34,2
5100,SUBMISSION,,VOLCANIC_ROCK_VOUCHER_10000,SEASHELLS,34,20
5200,SUBMISSION,,VOLCANIC_ROCK_VOUCHER_10000,SEASHELLS,37,2
5200,SUBMISSION,,VOLCANIC_ROCK_VOUCHER_10000,SEASHELLS,37,10
5500,,SUBMISSION,VOLCANIC_ROCK_VOUCHER_10000,SEASHELLS,42,19
5500,,SUBMISSION,VOLCANIC_ROCK_VOUCHER_10000,SEASHELLS,42,2
5600,SUBMISSION,,VOLCANIC_ROCK_VOUCHER_10000,SEASHELLS,36,1
5600,SUBMISSION,,VOLCANIC_ROCK_VOUCHER_10000,SEASHELLS,36,12
5700,,SUBMISSION,RAINFOREST_RESIN,SEASHELLS,10007,1
5800,,SUBMISSION,VOLCANIC_ROCK_VOUCHER_10000,SEASHELLS,41,1
5800,,SUBMISSION,VOLCANIC_ROCK_VOUCHER_10000,SEASHELLS,41,16
5900,SUBMISSION,,VOLCANIC_ROCK_VOUCHER_10000,SEASHELLS,38,1
5900,SUBMISSION,,VOLCANIC_ROCK_VOUCHER_10000,SEASHELLS,38,19
6100,SUBMISSION,,VOLCANIC_ROCK_VOUCHER_10000,SEASHELLS,38,13
6100,SUBMISSION,,RAINFOREST_RESIN,SEASHELLS,9999,1
6200,,SUBMISSION,VOLCANIC_ROCK_VOUCHER_10000,SEASHELLS,40,10
6300,,SUBMISSION,RAINFOREST_RESIN,SEASHELLS,10001,1
6600,SUBMISSION,,VOLCANIC_ROCK_VOUCHER_10250,SEASHELLS,4,16
6700,,SUBMISSION,VOLCANIC_ROCK_VOUCHER_10000,SEASHELLS,43,12
6800,SUBMISSION,,VOLCANIC_ROCK_VOUCHER_10000,SEASHELLS,37,13
6900,SUBMISSION,,VOLCANIC_ROCK_VOUCHER_10000,SEASHELLS,38,2
6900,SUBMISSION,,VOLCANIC_ROCK_VOUCHER_10000,SEASHELLS,38,13
7000,SUBMISSION,,VOLCANIC_ROCK_VOUCHER_10000,SEASHELLS,39,8
7200,,SUBMISSION,VOLCANIC_ROCK_VOUCHER_10000,SEASHELLS,39,14
7200,,SUBMISSION,KELP,SEASHELLS,2037,1
7400,,SUBMISSION,VOLCANIC_ROCK_VOUCHER_10000,SEASHELLS,42,10
7500,,SUBMISSION,VOLCANIC_ROCK_VOUCHER_10000,SEASHELLS,48,16
7500,,SUBMISSION,VOLCANIC_ROCK_VOUCHER_10000,SEASHELLS,48,2
7600,SUBMISSION,,VOLCANIC_ROCK_VOUCHER_10000,SEASHELLS,41,1
7600,SUBMISSION,,VOLCANIC_ROCK_VOUCHER_10000,SEASHELLS,41,12
7600,,SUBMISSION,KELP,SEASHELLS,2037,1
7600,,SUBMISSION,RAINFOREST_RESIN,SEASHELLS,10001,1
7700,,SUBMISSION,VOLCANIC_ROCK_VOUCHER_10000,SEASHELLS,42,13
7800,SUBMISSION,,VOLCANIC_ROCK_VOUCHER_10250,SEASHELLS,4,1
7800,SUBMISSION,,VOLCANIC_ROCK_VOUCHER_10250,SEASHELLS,4,12
7800,SUBMISSION,,KELP,SEASHELLS,2036,6
7900,,SUBMISSION,KELP,SEASHELLS,2037,1
8000,SUBMISSION,,KELP,SEASHELLS,2036,4
8000,,SUBMISSION,VOLCANIC_ROCK_VOUCHER_10000,SEASHELLS,41,1
8000,SUBMISSION,,RAINFOREST_RESIN,SEASHELLS,9998,5
8000,,SUBMISSION,VOLCANIC_ROCK_VOUCHER_10000,SEASHELLS,41,16
8100,,SUBMISSION,KELP,SEASHELLS,2037,1
8100,SUBMISSION,,RAINFOREST_RESIN,SEASHELLS,9999,1
8100,SUBMISSION,,VOLCANIC_ROCK_VOUCHER_10000,SEASHELLS,38,12
8200,SUBMISSION,,VOLCANIC_ROCK_VOUCHER_10000,SEASHELLS,38,2
8200,SUBMISSION,,RAINFOREST_RESIN,SEASHELLS,9999,1
8200,SUBMISSION,,VOLCANIC_ROCK_VOUCHER_10000,SEASHELLS,38,16
8300,SUBMISSION,,VOLCANIC_ROCK_VOUCHER_10000,SEASHELLS,36,4
8400,SUBMISSION,,VOLCANIC_ROCK_VOUCHER_10000,SEASHELLS,38,15
8400,SUBMISSION,,RAINFOREST_RESIN,SEASHELLS,9993,4
8500,SUBMISSION,,VOLCANIC_ROCK_VOUCHER_10000,SEASHELLS,39,10
8500,,SUBMISSION,RAINFOREST_RESIN,SEASHELLS,10007,1
8500,,SUBMISSION,RAINFOREST_RESIN,SEASHELLS,10001,1
8700,,SUBMISSION,KELP,SEASHELLS,2036,1
9000,SUBMISSION,,RAINFOREST_RESIN,SEASHELLS,9997,2
9100,SUBMISSION,,RAINFOREST_RESIN,SEASHELLS,9993,2
9100,SUBMISSION,,RAINFOREST_RESIN,SEASHELLS,9993,4
9100,,SUBMISSION,VOLCANIC_ROCK_VOUCHER_10000,SEASHELLS,39,1
9100,,SUBMISSION,VOLCANIC_ROCK_VOUCHER_10000,SEASHELLS,39,19
9200,SUBMISSION,,VOLCANIC_ROCK_VOUCHER_10000,SEASHELLS,35,13
9200,SUBMISSION,,VOLCANIC_ROCK_VOUCHER_10000,SEASHELLS,35,1
9300,SUBMISSION,,VOLCANIC_ROCK_VOUCHER_10000,SEASHELLS,36,6
9500,SUBMISSION,,RAINFOREST_RESIN,SEASHELLS,9999,1
9600,,SUBMISSION,VOLCANIC_ROCK_VOUCHER_10000,SEASHELLS,38,1
9600,,SUBMISSION,VOLCANIC_ROCK_VOUCHER_10000,SEASHELLS,38,12
9700,,SUBMISSION,RAINFOREST_RESIN,SEASHELLS,10001,1
9700,,SUBMISSION,VOLCANIC_ROCK_VOUCHER_10000,SEASHELLS,41,2
9700,,SUBMISSION,VOLCANIC_ROCK_VOUCHER_10000,SEASHELLS,41,16
9700,,SUBMISSION,KELP,SEASHELLS,2036,1
9800,SUBMISSION,,VOLCANIC_ROCK_VOUCHER_10000,SEASHELLS,36,1
9800,SUBMISSION,,VOLCANIC_ROCK_VOUCHER_10000,SEASHELLS,36,19
9900,,SUBMISSION,KELP,SEASHELLS,2036,7
10000,SUBMISSION,,KELP,SEASHELLS,2035,5
10100,SUBMISSION,,VOLCANIC_ROCK_VOUCHER_10000,SEASHELLS,37,11
10300,,SUBMISSION,RAINFOREST_RESIN,SEASHELLS,10001,1
10400,,SUBMISSION,RAINFOREST_RESIN,SEASHELLS,10007,4
10400,,SUBMISSION,KELP,SEASHELLS,2036,1
10700,SUBMISSION,,KELP,SEASHELLS,2034,14
11100,,SUBMISSION,KELP,SEASHELLS,2036,1
11200,,SUBMISSION,RAINFOREST_RESIN,SEASHELLS,10000,2
11400,,SUBMISSION,MAGNIFICENT_MACARONS,SEASHELLS,776,2
12000,,SUBMISSION,VOLCANIC_ROCK_VOUCHER_10000,SEASHELLS,36,18
12100,SUBMISSION,,VOLCANIC_ROCK_VOUCHER_10000,SEASHELLS,32,2
12100,SUBMISSION,,VOLCANIC_ROCK_VOUCHER_10000,SEASHELLS,32,11
12200,SUBMISSION,,VOLCANIC_ROCK_VOUCHER_10000,SEASHELLS,31,5
12500,,SUBMISSION,KELP,SEASHELLS,2036,1
12600,,SUBMISSION,VOLCANIC_ROCK_VOUCHER_10000,SEASHELLS,33,14
12700,,SUBMISSION,VOLCANIC_ROCK_VOUCHER_10000,SEASHELLS,31,2
12700,SUBMISSION,,KELP,SEASHELLS,2034,4
12700,,SUBMISSION,VOLCANIC_ROCK_VOUCHER_10000,SEASHELLS,31,19
12900,SUBMISSION,,VOLCANIC_ROCK_VOUCHER_10000,SEASHELLS,32,16
13100,,SUBMISSION,VOLCANIC_ROCK_VOUCHER_10000,SEASHELLS,32,1
13100,,SUBMISSION,VOLCANIC_ROCK_VOUCHER_10000,SEASHELLS,32,10
13200,,SUBMISSION,KELP,SEASHELLS,2035,13
13300,,SUBMISSION,KELP,SEASHELLS,2035,1
13400,SUBMISSION,,VOLCANIC_ROCK_VOUCHER_10000,SEASHELLS,33,1
13400,SUBMISSION,,VOLCANIC_ROCK_VOUCHER_10000,SEASHELLS,33,16
13500,,SUBMISSION,RAINFOREST_RESIN,SEASHELLS,10002,1
13500,,SUBMISSION,VOLCANIC_ROCK_VOUCHER_10000,SEASHELLS,31,11
13600,,SUBMISSION,VOLCANIC_ROCK_VOUCHER_10000,SEASHELLS,32,1
13600,,SUBMISSION,KELP,SEASHELLS,2035,3
13600,,SUBMISSION,VOLCANIC_ROCK_VOUCHER_10000,SEASHELLS,32,11
13700,,SUBMISSION,VOLCANIC_ROCK_VOUCHER_10000,SEASHELLS,31,1
13700,,SUBMISSION,RAINFOREST_RESIN,SEASHELLS,10007,1
13700,,SUBMISSION,VOLCANIC_ROCK_VOUCHER_10000,SEASHELLS,31,17
13900,,SUBMISSION,MAGNIFICENT_MACARONS,SEASHELLS,762,6
13900,SUBMISSION,,VOLCANIC_ROCK_VOUCHER_10000,SEASHELLS,29,1
13900,SUBMISSION,,VOLCANIC_ROCK_VOUCHER_10000,SEASHELLS,29,20
14000,SUBMISSION,,VOLCANIC_ROCK_VOUCHER_10000,SEASHELLS,30,1
14000,SUBMISSION,,VOLCANIC_ROCK_VOUCHER_10000,SEASHELLS,30,16
14100,SUBMISSION,,VOLCANIC_ROCK_VOUCHER_10000,SEASHELLS,29,1
14100,SUBMISSION,,VOLCANIC_ROCK_VOUCHER_10000,SEASHELLS,29,10
14100,,SUBMISSION,KELP,SEASHELLS,2036,1
14200,,SUBMISSION,VOLCANIC_ROCK_VOUCHER_10000,SEASHELLS,32,2
14200,,SUBMISSION,VOLCANIC_ROCK_VOUCHER_10000,SEASHELLS,32,15
14300,,SUBMISSION,RAINFOREST_RESIN,SEASHELLS,10007,2
14300,,SUBMISSION,VOLCANIC_ROCK_VOUCHER_10000,SEASHELLS,33,2
14300,,SUBMISSION,VOLCANIC_ROCK_VOUCHER_10000,SEASHELLS,33,17
14400,SUBMISSION,,VOLCANIC_ROCK_VOUCHER_10000,SEASHELLS,29,20
14400,SUBMISSION,,VOLCANIC_ROCK_VOUCHER_10000,SEASHELLS,29,1
14500,,SUBMISSION,VOLCANIC_ROCK_VOUCHER_10000,SEASHELLS,32,1
14500,,SUBMISSION,VOLCANIC_ROCK_VOUCHER_10000,SEASHELLS,32,18
14500,SUBMISSION,,KELP,SEASHELLS,2036,8
14600,,SUBMISSION,VOLCANIC_ROCK_VOUCHER_10000,SEASHELLS,29,2
14600,,SUBMISSION,VOLCANIC_ROCK_VOUCHER_10000,SEASHELLS,29,13
14700,SUBMISSION,,RAINFOREST_RESIN,SEASHELLS,9997,9
14700,,SUBMISSION,KELP,SEASHELLS,2036,2
14900,,SUBMISSION,RAINFOREST_RESIN,SEASHELLS,10001,1
14900,,SUBMISSION,VOLCANIC_ROCK_VOUCHER_10000,SEASHELLS,32,17
14900,,SUBMISSION,VOLCANIC_ROCK_VOUCHER_10000,SEASHELLS,32,1
15000,SUBMISSION,,RAINFOREST_RESIN,SEASHELLS,9998,3
15100,SUBMISSION,,VOLCANIC_ROCK_VOUCHER_10000,SEASHELLS,29,5
15200,SUBMISSION,,KELP,SEASHELLS,2036,3
15200,,SUBMISSION,RAINFOREST_RESIN,SEASHELLS,10007,6
15200,,SUBMISSION,RAINFOREST_RESIN,SEASHELLS,10007,2
15500,SUBMISSION,,VOLCANIC_ROCK_VOUCHER_10000,SEASHELLS,27,11
15600,SUBMISSION,,VOLCANIC_ROCK_VOUCHER_10000,SEASHELLS,29,17
15600,SUBMISSION,,KELP,SEASHELLS,2036,2
15700,SUBMISSION,,VOLCANIC_ROCK_VOUCHER_10000,SEASHELLS,29,2
15700,,SUBMISSION,RAINFOREST_RESIN,SEASHELLS,10000,3
15700,SUBMISSION,,VOLCANIC_ROCK_VOUCHER_10000,SEASHELLS,29,12
15900,,SUBMISSION,VOLCANIC_ROCK_VOUCHER_10000,SEASHELLS,31,1
15900,SUBMISSION,,KELP,SEASHELLS,2035,2
15900,,SUBMISSION,MAGNIFICENT_MACARONS,SEASHELLS,759,3
15900,,SUBMISSION,VOLCANIC_ROCK_VOUCHER_10000,SEASHELLS,31,15
16000,,SUBMISSION,VOLCANIC_ROCK_VOUCHER_10000,SEASHELLS,29,2
16000,,SUBMISSION,VOLCANIC_ROCK_VOUCHER_10000,SEASHELLS,29,19
16100,,SUBMISSION,VOLCANIC_ROCK_VOUCHER_10000,SEASHELLS,30,13
16100,SUBMISSION,,RAINFOREST_RESIN,SEASHELLS,9999,1
16200,,SUBMISSION,VOLCANIC_ROCK_VOUCHER_10000,SEASHELLS,29,12
16200,,SUBMISSION,VOLCANIC_ROCK_VOUCHER_10000,SEASHELLS,29,1
16300,SUBMISSION,,VOLCANIC_ROCK_VOUCHER_10000,SEASHELLS,32,19
16400,,SUBMISSION,MAGNIFICENT_MACARONS,SEASHELLS,768,6
16400,,SUBMISSION,VOLCANIC_ROCK_VOUCHER_10000,SEASHELLS,30,16
16500,,SUBMISSION,KELP,SEASHELLS,2037,1
16700,SUBMISSION,,KELP,SEASHELLS,2035,9
16900,,SUBMISSION,RAINFOREST_RESIN,SEASHELLS,10003,11
16900,,SUBMISSION,KELP,SEASHELLS,2037,1
16900,,SUBMISSION,VOLCANIC_ROCK_VOUCHER_10000,SEASHELLS,33,17
17100,SUBMISSION,,KELP,SEASHELLS,2036,10
17400,,SUBMISSION,VOLCANIC_ROCK_VOUCHER_10000,SEASHELLS,32,1
17400,,SUBMISSION,VOLCANIC_ROCK_VOUCHER_10000,SEASHELLS,32,19
17500,,SUBMISSION,KELP,SEASHELLS,2038,1
17500,SUBMISSION,,KELP,SEASHELLS,2036,15
17600,SUBMISSION,,KELP,SEASHELLS,2036,12
17600,,SUBMISSION,VOLCANIC_ROCK_VOUCHER_10000,SEASHELLS,30,1
17600,,SUBMISSION,VOLCANIC_ROCK_VOUCHER_10000,SEASHELLS,30,13
17800,SUBMISSION,,VOLCANIC_ROCK_VOUCHER_10000,SEASHELLS,29,18
17900,,SUBMISSION,VOLCANIC_ROCK_VOUCHER_10000,SEASHELLS,32,16
17900,SUBMISSION,,KELP,SEASHELLS,2036,12
17900,,SUBMISSION,KELP,SEASHELLS,2038,1
18200,,SUBMISSION,RAINFOREST_RESIN,SEASHELLS,10001,1
18200,,SUBMISSION,VOLCANIC_ROCK_VOUCHER_10000,SEASHELLS,32,12
18200,,SUBMISSION,VOLCANIC_ROCK_VOUCHER_10000,SEASHELLS,32,2
18300,SUBMISSION,,VOLCANIC_ROCK_VOUCHER_10000,SEASHELLS,28,20
18300,SUBMISSION,,VOLCANIC_ROCK_VOUCHER_10000,SEASHELLS,28,2
18400,,SUBMISSION,VOLCANIC_ROCK_VOUCHER_10000,SEASHELLS,31,15
18400,,SUBMISSION,VOLCANIC_ROCK_VOUCHER_10000,SEASHELLS,31,2
18500,,SUBMISSION,VOLCANIC_ROCK_VOUCHER_10000,SEASHELLS,30,17
18500,SUBMISSION,,RAINFOREST_RESIN,SEASHELLS,9999,1
18600,,SUBMISSION,VOLCANIC_ROCK_VOUCHER_10000,SEASHELLS,31,19
18700,,SUBMISSION,VOLCANIC_ROCK_VOUCHER_10000,SEASHELLS,33,1
18700,,SUBMISSION,VOLCANIC_ROCK_VOUCHER_10000,SEASHELLS,33,17
18800,,SUBMISSION,VOLCANIC_ROCK_VOUCHER_10000,SEASHELLS,32,3
18900,SUBMISSION,,RAINFOREST_RESIN,SEASHELLS,9999,1
19000,,SUBMISSION,KELP,SEASHELLS,2038,15
19200,SUBMISSION,,RAINFOREST_RESIN,SEASHELLS,9999,1
19300,,SUBMISSION,MAGNIFICENT_MACARONS,SEASHELLS,776,3
19400,,SUBMISSION,KELP,SEASHELLS,2038,1
19500,SUBMISSION,,VOLCANIC_ROCK_VOUCHER_10000,SEASHELLS,32,14
19500,SUBMISSION,,VOLCANIC_ROCK_VOUCHER_10000,SEASHELLS,32,2
19600,,SUBMISSION,VOLCANIC_ROCK_VOUCHER_10000,SEASHELLS,34,2
19600,,SUBMISSION,VOLCANIC_ROCK_VOUCHER_10000,SEASHELLS,34,14
19700,,SUBMISSION,RAINFOREST_RESIN,SEASHELLS,10001,1
19900,SUBMISSION,,VOLCANIC_ROCK_VOUCHER_10000,SEASHELLS,30,18
19900,SUBMISSION,,VOLCANIC_ROCK_VOUCHER_10000,SEASHELLS,30,1
20000,SUBMISSION,,VOLCANIC_ROCK_VOUCHER_10000,SEASHELLS,30,16
20100,,SUBMISSION,MAGNIFICENT_MACARONS,SEASHELLS,769,5
20300,,SUBMISSION,VOLCANIC_ROCK_VOUCHER_10000,SEASHELLS,33,2
20300,,SUBMISSION,VOLCANIC_ROCK_VOUCHER_10000,SEASHELLS,33,17
20400,SUBMISSION,,RAINFOREST_RESIN,SEASHELLS,9997,10
20500,SUBMISSION,,VOLCANIC_ROCK_VOUCHER_10000,SEASHELLS,31,1
20500,SUBMISSION,,VOLCANIC_ROCK_VOUCHER_10000,SEASHELLS,31,15
20500,SUBMISSION,,KELP,SEASHELLS,2037,2
20600,,SUBMISSION,VOLCANIC_ROCK_VOUCHER_10000,SEASHELLS,33,17
20600,,SUBMISSION,VOLCANIC_ROCK_VOUCHER_10000,SEASHELLS,33,10
20600,,SUBMISSION,VOLCANIC_ROCK_VOUCHER_10000,SEASHELLS,33,2
20700,,SUBMISSION,RAINFOREST_RESIN,SEASHELLS,10002,5
20700,,SUBMISSION,VOLCANIC_ROCK_VOUCHER_10000,SEASHELLS,32,3
20800,,SUBMISSION,KELP,SEASHELLS,2038,1
21000,,SUBMISSION,RAINFOREST_RESIN,SEASHELLS,10001,1
21100,,SUBMISSION,KELP,SEASHELLS,2038,12
21100,SUBMISSION,,RAINFOREST_RESIN,SEASHELLS,9993,6
21200,SUBMISSION,,VOLCANIC_ROCK_VOUCHER_10000,SEASHELLS,29,15
21300,,SUBMISSION,VOLCANIC_ROCK_VOUCHER_10000,SEASHELLS,33,15
21300,,SUBMISSION,RAINFOREST_RESIN,SEASHELLS,10007,8
21400,,SUBMISSION,RAINFOREST_RESIN,SEASHELLS,10007,5
21600,,SUBMISSION,RAINFOREST_RESIN,SEASHELLS,10001,1
21600,,SUBMISSION,RAINFOREST_RESIN,SEASHELLS,10007,1
21800,SUBMISSION,,RAINFOREST_RESIN,SEASHELLS,9998,4
22000,SUBMISSION,,VOLCANIC_ROCK_VOUCHER_10000,SEASHELLS,35,12
22200,SUBMISSION,,VOLCANIC_ROCK_VOUCHER_10000,SEASHELLS,35,16
22200,SUBMISSION,,VOLCANIC_ROCK_VOUCHER_10000,SEASHELLS,35,1
22200,,SUBMISSION,RAINFOREST_RESIN,SEASHELLS,10001,1
22300,,SUBMISSION,RAINFOREST_RESIN,SEASHELLS,10001,1
22400,,SUBMISSION,RAINFOREST_RESIN,SEASHELLS,10002,5
22900,SUBMISSION,,VOLCANIC_ROCK_VOUCHER_10250,SEASHELLS,4,17
23000,SUBMISSION,,VOLCANIC_ROCK_VOUCHER_10000,SEASHELLS,37,18
23100,,SUBMISSION,VOLCANIC_ROCK_VOUCHER_10000,SEASHELLS,37,1
23100,,SUBMISSION,VOLCANIC_ROCK_VOUCHER_10000,SEASHELLS,37,10
23300,SUBMISSION,,VOLCANIC_ROCK_VOUCHER_10000,SEASHELLS,37,14
23400,SUBMISSION,,VOLCANIC_ROCK_VOUCHER_10000,SEASHELLS,37,13
23400,SUBMISSION,,VOLCANIC_ROCK_VOUCHER_10000,SEASHELLS,37,1
23500,SUBMISSION,,VOLCANIC_ROCK_VOUCHER_10000,SEASHELLS,37,2
23500,SUBMISSION,,VOLCANIC_ROCK_VOUCHER_10000,SEASHELLS,37,19
23500,,SUBMISSION,RAINFOREST_RESIN,SEASHELLS,10007,1
23700,,SUBMISSION,VOLCANIC_ROCK_VOUCHER_10000,SEASHELLS,37,10
23900,,SUBMISSION,VOLCANIC_ROCK_VOUCHER_10000,SEASHELLS,40,12
23900,,SUBMISSION,KELP,SEASHELLS,2038,1
24000,,SUBMISSION,KELP,SEASHELLS,2038,5
24100,,SUBMISSION,RAINFOREST_RESIN,SEASHELLS,10003,9
24300,,SUBMISSION,KELP,SEASHELLS,2038,1
24400,SUBMISSION,,VOLCANIC_ROCK_VOUCHER_10000,SEASHELLS,34,10
24500,SUBMISSION,,VOLCANIC_ROCK_VOUCHER_10000,SEASHELLS,36,19
24500,SUBMISSION,,RAINFOREST_RESIN,SEASHELLS,9998,5
24500,SUBMISSION,,VOLCANIC_ROCK_VOUCHER_10000,SEASHELLS,36,2
24600,SUBMISSION,,VOLCANIC_ROCK_VOUCHER_10000,SEASHELLS,35,2
24600,SUBMISSION,,VOLCANIC_ROCK_VOUCHER_10000,SEASHELLS,35,14
24800,,SUBMISSION,VOLCANIC_ROCK_VOUCHER_10000,SEASHELLS,37,20
24800,,SUBMISSION,VOLCANIC_ROCK_VOUCHER_10000,SEASHELLS,37,2
24900,,SUBMISSION,VOLCANIC_ROCK_VOUCHER_10000,SEASHELLS,38,10
24900,,SUBMISSION,VOLCANIC_ROCK_VOUCHER_10000,SEASHELLS,38,1
25000,,SUBMISSION,RAINFOREST_RESIN,SEASHELLS,10001,1
25100,,SUBMISSION,RAINFOREST_RESIN,SEASHELLS,10007,2
25100,SUBMISSION,,VOLCANIC_ROCK_VOUCHER_10000,SEASHELLS,35,11
25100,SUBMISSION,,VOLCANIC_ROCK_VOUCHER_10000,SEASHELLS,35,2
25300,SUBMISSION,,RAINFOREST_RESIN,SEASHELLS,9999,1
25300,,SUBMISSION,MAGNIFICENT_MACARONS,SEASHELLS,788,6
25400,SUBMISSION,,KELP,SEASHELLS,2037,12
25400,,SUBMISSION,KELP,SEASHELLS,2039,9
25500,,SUBMISSION,VOLCANIC_ROCK_VOUCHER_10000,SEASHELLS,37,10
25500,,SUBMISSION,RAINFOREST_RESIN,SEASHELLS,10002,3
25600,,SUBMISSION,KELP,SEASHELLS,2038,5
25700,,SUBMISSION,KELP,SEASHELLS,2038,1
25700,SUBMISSION,,VOLCANIC_ROCK_VOUCHER_10000,SEASHELLS,35,13
25900,,SUBMISSION,VOLCANIC_ROCK_VOUCHER_10000,SEASHELLS,38,18
25900,,SUBMISSION,VOLCANIC_ROCK_VOUCHER_10000,SEASHELLS,38,2
25900,,SUBMISSION,RAINFOREST_RESIN,SEASHELLS,10001,1
26000,,SUBMISSION,VOLCANIC_ROCK_VOUCHER_10000,SEASHELLS,37,18
26000,,SUBMISSION,VOLCANIC_ROCK_VOUCHER_10000,SEASHELLS,37,2
26100,,SUBMISSION,VOLCANIC_ROCK_VOUCHER_10000,SEASHELLS,36,2
26100,,SUBMISSION,VOLCANIC_ROCK_VOUCHER_10000,SEASHELLS,36,10
26100,,SUBMISSION,KELP,SEASHELLS,2039,2
26200,,SUBMISSION,RAINFOREST_RESIN,SEASHELLS,10007,6
26500,,SUBMISSION,RAINFOREST_RESIN,SEASHELLS,10007,10
26600,,SUBMISSION,VOLCANIC_ROCK_VOUCHER_10000,SEASHELLS,35,15
26600,,SUBMISSION,VOLCANIC_ROCK_VOUCHER_10000,SEASHELLS,35,2
26700,SUBMISSION,,KELP,SEASHELLS,2037,2
26700,SUBMISSION,,KELP,SEASHELLS,2037,15
26700,,SUBMISSION,VOLCANIC_ROCK_VOUCHER_10000,SEASHELLS,34,17
26900,,SUBMISSION,KELP,SEASHELLS,2039,10
26900,,SUBMISSION,KELP,SEASHELLS,2038,1
27000,,SUBMISSION,RAINFOREST_RESIN,SEASHELLS,10001,1
27000,,SUBMISSION,VOLCANIC_ROCK_VOUCHER_10000,SEASHELLS,35,7
27100,SUBMISSION,,KELP,SEASHELLS,2037,8
27200,SUBMISSION,,RAINFOREST_RESIN,SEASHELLS,9993,8
27400,SUBMISSION,,VOLCANIC_ROCK_VOUCHER_10000,SEASHELLS,29,2
27400,SUBMISSION,,VOLCANIC_ROCK_VOUCHER_10000,SEASHELLS,29,12
27500,,SUBMISSION,VOLCANIC_ROCK_VOUCHER_10000,SEASHELLS,31,14
27500,,SUBMISSION,RAINFOREST_RESIN,SEASHELLS,10007,4
27500,SUBMISSION,,KELP,SEASHELLS,2037,5
27700,SUBMISSION,,VOLCANIC_ROCK_VOUCHER_10000,SEASHELLS,29,1
27700,SUBMISSION,,VOLCANIC_ROCK_VOUCHER_10000,SEASHELLS,29,15
27700,,SUBMISSION,KELP,SEASHELLS,2038,1
27800,,SUBMISSION,VOLCANIC_ROCK_VOUCHER_10000,SEASHELLS,33,14
27800,,SUBMISSION,VOLCANIC_ROCK_VOUCHER_10000,SEASHELLS,33,2
27900,SUBMISSION,,VOLCANIC_ROCK_VOUCHER_10000,SEASHELLS,31,18
28000,,SUBMISSION,RAINFOREST_RESIN,SEASHELLS,10001,1
28000,SUBMISSION,,VOLCANIC_ROCK_VOUCHER_10000,SEASHELLS,30,2
28000,SUBMISSION,,VOLCANIC_ROCK_VOUCHER_10000,SEASHELLS,30,12
28100,,SUBMISSION,RAINFOREST_RESIN,SEASHELLS,10001,1
28200,SUBMISSION,,VOLCANIC_ROCK_VOUCHER_10000,SEASHELLS,30,2
28200,SUBMISSION,,RAINFOREST_RESIN,SEASHELLS,9993,6
28200,SUBMISSION,,VOLCANIC_ROCK_VOUCHER_10000,SEASHELLS,30,13
28200,,SUBMISSION,RAINFOREST_RESIN,SEASHELLS,10001,1
28300,SUBMISSION,,VOLCANIC_ROCK_VOUCHER_10000,SEASHELLS,31,2
28300,SUBMISSION,,VOLCANIC_ROCK_VOUCHER_10000,SEASHELLS,31,20
28600,,SUBMISSION,VOLCANIC_ROCK_VOUCHER_10000,SEASHELLS,32,10
28600,,SUBMISSION,VOLCANIC_ROCK_VOUCHER_10000,SEASHELLS,32,2
28700,,SUBMISSION,VOLCANIC_ROCK_VOUCHER_10000,SEASHELLS,29,17
28700,,SUBMISSION,VOLCANIC_ROCK_VOUCHER_10000,SEASHELLS,29,1
28800,SUBMISSION,,VOLCANIC_ROCK_VOUCHER_10000,SEASHELLS,29,2
28800,SUBMISSION,,VOLCANIC_ROCK_VOUCHER_10000,SEASHELLS,29,12
28900,,SUBMISSION,VOLCANIC_ROCK_VOUCHER_10000,SEASHELLS,31,14
28900,,SUBMISSION,VOLCANIC_ROCK_VOUCHER_10000,SEASHELLS,31,1
29100,SUBMISSION,,VOLCANIC_ROCK_VOUCHER_10000,SEASHELLS,29,2
29100,SUBMISSION,,VOLCANIC_ROCK_VOUCHER_10000,SEASHELLS,29,19
29200,,SUBMISSION,VOLCANIC_ROCK_VOUCHER_10000,SEASHELLS,28,1
29200,SUBMISSION,,RAINFOREST_RESIN,SEASHELLS,10000,2
29200,,SUBMISSION,VOLCANIC_ROCK_VOUCHER_10000,SEASHELLS,28,18
29300,,SUBMISSION,RAINFOREST_RESIN,SEASHELLS,10001,1
29600,SUBMISSION,,VOLCANIC_ROCK_VOUCHER_10000,SEASHELLS,28,1
29600,SUBMISSION,,VOLCANIC_ROCK_VOUCHER_10000,SEASHELLS,28,12
29800,,SUBMISSION,VOLCANIC_ROCK_VOUCHER_10000,SEASHELLS,29,18
29800,,SUBMISSION,VOLCANIC_ROCK_VOUCHER_10000,SEASHELLS,29,1
29800,,SUBMISSION,RAINFOREST_RESIN,SEASHELLS,10002,4
29900,SUBMISSION,,VOLCANIC_ROCK_VOUCHER_10000,SEASHELLS,30,2
29900,,SUBMISSION,KELP,SEASHELLS,2038,4
29900,SUBMISSION,,VOLCANIC_ROCK_VOUCHER_10000,SEASHELLS,30,16
30000,,SUBMISSION,KELP,SEASHELLS,2038,2
30000,,SUBMISSION,KELP,SEASHELLS,2038,1
30000,,SUBMISSION,KELP,SEASHELLS,2038,0
30100,SUBMISSION,,VOLCANIC_ROCK_VOUCHER_10000,SEASHELLS,27,17
30200,SUBMISSION,,VOLCANIC_ROCK_VOUCHER_10000,SEASHELLS,26,12
30200,SUBMISSION,,RAINFOREST_RESIN,SEASHELLS,9993,1
30300,,SUBMISSION,MAGNIFICENT_MACARONS,SEASHELLS,751,5
30300,,SUBMISSION,RAINFOREST_RESIN,SEASHELLS,10001,1
30600,SUBMISSION,,RAINFOREST_RESIN,SEASHELLS,9998,4
30600,,SUBMISSION,KELP,SEASHELLS,2037,4
30700,,SUBMISSION,VOLCANIC_ROCK_VOUCHER_10000,SEASHELLS,31,2
30700,,SUBMISSION,VOLCANIC_ROCK_VOUCHER_10000,SEASHELLS,31,10
30800,,SUBMISSION,VOLCANIC_ROCK_VOUCHER_10000,SEASHELLS,30,15
30800,,SUBMISSION,RAINFOREST_RESIN,SEASHELLS,10001,1
30800,,SUBMISSION,KELP,SEASHELLS,2038,1
30800,,SUBMISSION,VOLCANIC_ROCK_VOUCHER_10000,SEASHELLS,30,1
30900,,SUBMISSION,KELP,SEASHELLS,2038,2
30900,,SUBMISSION,RAINFOREST_RESIN,SEASHELLS,10007,4
31000,SUBMISSION,,VOLCANIC_ROCK_VOUCHER_10000,SEASHELLS,29,13
31000,SUBMISSION,,VOLCANIC_ROCK_VOUCHER_10000,SEASHELLS,29,2
31100,,SUBMISSION,VOLCANIC_ROCK_VOUCHER_10000,SEASHELLS,30,2
31100,,SUBMISSION,VOLCANIC_ROCK_VOUCHER_10000,SEASHELLS,30,12
31300,,SUBMISSION,KELP,SEASHELLS,2038,2
31300,SUBMISSION,,VOLCANIC_ROCK_VOUCHER_10000,SEASHELLS,27,1
31300,SUBMISSION,,VOLCANIC_ROCK_VOUCHER_10000,SEASHELLS,27,10
31400,,SUBMISSION,VOLCANIC_ROCK_VOUCHER_10000,SEASHELLS,28,11
31400,,SUBMISSION,VOLCANIC_ROCK_VOUCHER_10000,SEASHELLS,28,1
31600,,SUBMISSION,VOLCANIC_ROCK_VOUCHER_10000,SEASHELLS,29,18
31700,,SUBMISSION,KELP,SEASHELLS,2037,2
31700,SUBMISSION,,VOLCANIC_ROCK_VOUCHER_10000,SEASHELLS,29,1
31700,SUBMISSION,,VOLCANIC_ROCK_VOUCHER_10000,SEASHELLS,29,13
31800,SUBMISSION,,VOLCANIC_ROCK_VOUCHER_10000,SEASHELLS,28,15
32000,,SUBMISSION,KELP,SEASHELLS,2037,1
32000,,SUBMISSION,VOLCANIC_ROCK_VOUCHER_10000,SEASHELLS,28,14
32100,,SUBMISSION,KELP,SEASHELLS,2037,1
32200,,SUBMISSION,VOLCANIC_ROCK_VOUCHER_10000,SEASHELLS,30,12
32300,,SUBMISSION,VOLCANIC_ROCK_VOUCHER_10000,SEASHELLS,29,2
32300,,SUBMISSION,KELP,SEASHELLS,2037,1
32300,,SUBMISSION,VOLCANIC_ROCK_VOUCHER_10000,SEASHELLS,29,13
32400,,SUBMISSION,VOLCANIC_ROCK_VOUCHER_10000,SEASHELLS,31,5
32500,SUBMISSION,,VOLCANIC_ROCK_VOUCHER_10000,SEASHELLS,27,13
32500,,SUBMISSION,KELP,SEASHELLS,2037,1
32500,SUBMISSION,,VOLCANIC_ROCK_VOUCHER_10000,SEASHELLS,27,2
32600,,SUBMISSION,VOLCANIC_ROCK_VOUCHER_10000,SEASHELLS,27,15
32600,,SUBMISSION,RAINFOREST_RESIN,SEASHELLS,10003,8
32700,,SUBMISSION,KELP,SEASHELLS,2037,1
32700,SUBMISSION,,RAINFOREST_RESIN,SEASHELLS,9999,1
32900,,SUBMISSION,KELP,SEASHELLS,2037,15
32900,SUBMISSION,,RAINFOREST_RESIN,SEASHELLS,9999,1
33100,SUBMISSION,,VOLCANIC_ROCK_VOUCHER_10000,SEASHELLS,29,1
33100,SUBMISSION,,KELP,SEASHELLS,2036,1
33100,SUBMISSION,,VOLCANIC_ROCK_VOUCHER_10000,SEASHELLS,29,10
33200,,SUBMISSION,KELP,SEASHELLS,2037,1
33200,SUBMISSION,,VOLCANIC_ROCK_VOUCHER_10000,SEASHELLS,28,16
33300,,SUBMISSION,VOLCANIC_ROCK_VOUCHER_10000,SEASHELLS,32,13
33400,SUBMISSION,,KELP,SEASHELLS,2036,1
33400,,SUBMISSION,KELP,SEASHELLS,2037,1
33400,,SUBMISSION,VOLCANIC_ROCK_VOUCHER_10000,SEASHELLS,28,10
33600,,SUBMISSION,KELP,SEASHELLS,2038,1
33600,,SUBMISSION,VOLCANIC_ROCK_VOUCHER_10000,SEASHELLS,30,4
33800,,SUBMISSION,KELP,SEASHELLS,2038,2
33900,SUBMISSION,,VOLCANIC_ROCK_VOUCHER_10000,SEASHELLS,26,2
33900,SUBMISSION,,KELP,SEASHELLS,2037,5
33900,SUBMISSION,,VOLCANIC_ROCK_VOUCHER_10000,SEASHELLS,26,11
34400,SUBMISSION,,VOLCANIC_ROCK_VOUCHER_10000,SEASHELLS,27,18
34400,SUBMISSION,,VOLCANIC_ROCK_VOUCHER_10000,SEASHELLS,27,1
34500,SUBMISSION,,RAINFOREST_RESIN,SEASHELLS,9999,1
34600,SUBMISSION,,RAINFOREST_RESIN,SEASHELLS,9997,6
34600,,SUBMISSION,VOLCANIC_ROCK_VOUCHER_10000,SEASHELLS,29,1
34600,,SUBMISSION,VOLCANIC_ROCK_VOUCHER_10000,SEASHELLS,29,13
34800,,SUBMISSION,VOLCANIC_ROCK_VOUCHER_10000,SEASHELLS,29,11
34800,,SUBMISSION,KELP,SEASHELLS,2037,4
34800,SUBMISSION,,RAINFOREST_RESIN,SEASHELLS,9993,2
34800,,SUBMISSION,VOLCANIC_ROCK_VOUCHER_10000,SEASHELLS,29,1
34900,,SUBMISSION,VOLCANIC_ROCK_VOUCHER_10000,SEASHELLS,27,6
35000,SUBMISSION,,VOLCANIC_ROCK_VOUCHER_10000,SEASHELLS,28,2
35000,SUBMISSION,,VOLCANIC_ROCK_VOUCHER_10000,SEASHELLS,28,17
35100,,SUBMISSION,VOLCANIC_ROCK_VOUCHER_10000,SEASHELLS,32,19
35600,,SUBMISSION,KELP,SEASHELLS,2037,2
35800,SUBMISSION,,RAINFOREST_RESIN,SEASHELLS,9998,5
35800,,SUBMISSION,RAINFOREST_RESIN,SEASHELLS,10007,5
35800,,SUBMISSION,KELP,SEASHELLS,2037,1
36000,,SUBMISSION,RAINFOREST_RESIN,SEASHELLS,10007,8
36200,,SUBMISSION,RAINFOREST_RESIN,SEASHELLS,10001,1
36400,,SUBMISSION,RAINFOREST_RESIN,SEASHELLS,10001,1
36800,SUBMISSION,,RAINFOREST_RESIN,SEASHELLS,9993,2
36900,SUBMISSION,,VOLCANIC_ROCK_VOUCHER_10000,SEASHELLS,32,1
36900,SUBMISSION,,VOLCANIC_ROCK_VOUCHER_10000,SEASHELLS,32,15
37000,,SUBMISSION,VOLCANIC_ROCK_VOUCHER_10000,SEASHELLS,34,16
37000,,SUBMISSION,RAINFOREST_RESIN,SEASHELLS,10001,1
37000,,SUBMISSION,RAINFOREST_RESIN,SEASHELLS,10007,2
37300,SUBMISSION,,VOLCANIC_ROCK_VOUCHER_10000,SEASHELLS,32,2
37300,SUBMISSION,,VOLCANIC_ROCK_VOUCHER_10000,SEASHELLS,32,18
37500,,SUBMISSION,VOLCANIC_ROCK_VOUCHER_10000,SEASHELLS,36,13
37600,,SUBMISSION,VOLCANIC_ROCK_VOUCHER_10000,SEASHELLS,35,7
37600,SUBMISSION,,KELP,SEASHELLS,2035,2
38000,SUBMISSION,,VOLCANIC_ROCK_VOUCHER_10000,SEASHELLS,31,1
38000,SUBMISSION,,KELP,SEASHELLS,2035,6
38000,SUBMISSION,,VOLCANIC_ROCK_VOUCHER_10000,SEASHELLS,31,14
38100,SUBMISSION,,KELP,SEASHELLS,2035,8
38100,SUBMISSION,,VOLCANIC_ROCK_VOUCHER_10000,SEASHELLS,31,11
38100,SUBMISSION,,VOLCANIC_ROCK_VOUCHER_10000,SEASHELLS,31,2
38300,SUBMISSION,,RAINFOREST_RESIN,SEASHELLS,9998,6
38500,SUBMISSION,,VOLCANIC_ROCK_VOUCHER_10000,SEASHELLS,36,18
38500,SUBMISSION,,VOLCANIC_ROCK_VOUCHER_10000,SEASHELLS,36,1
38700,,SUBMISSION,RAINFOREST_RESIN,SEASHELLS,10001,1
38800,SUBMISSION,,VOLCANIC_ROCK_VOUCHER_10000,SEASHELLS,32,1
38800,SUBMISSION,,RAINFOREST_RESIN,SEASHELLS,9998,5
38800,SUBMISSION,,VOLCANIC_ROCK_VOUCHER_10000,SEASHELLS,32,14
38900,SUBMISSION,,RAINFOREST_RESIN,SEASHELLS,9998,3
38900,SUBMISSION,,VOLCANIC_ROCK_VOUCHER_10000,SEASHELLS,33,20
38900,SUBMISSION,,VOLCANIC_ROCK_VOUCHER_10000,SEASHELLS,33,2
39000,SUBMISSION,,KELP,SEASHELLS,2036,2
39100,SUBMISSION,,VOLCANIC_ROCK_VOUCHER_10000,SEASHELLS,36,2
39100,SUBMISSION,,VOLCANIC_ROCK_VOUCHER_10000,SEASHELLS,36,14
39200,,SUBMISSION,VOLCANIC_ROCK_VOUCHER_10000,SEASHELLS,39,18
39200,,SUBMISSION,VOLCANIC_ROCK_VOUCHER_10000,SEASHELLS,39,1
39300,,SUBMISSION,VOLCANIC_ROCK_VOUCHER_10000,SEASHELLS,39,17
39400,,SUBMISSION,VOLCANIC_ROCK_VOUCHER_10000,SEASHELLS,40,6
39400,,SUBMISSION,VOLCANIC_ROCK_VOUCHER_10000,SEASHELLS,40,16
39400,,SUBMISSION,VOLCANIC_ROCK_VOUCHER_10000,SEASHELLS,40,2
39500,,SUBMISSION,VOLCANIC_ROCK_VOUCHER_10000,SEASHELLS,36,2
39500,,SUBMISSION,RAINFOREST_RESIN,SEASHELLS,10001,1
39500,,SUBMISSION,VOLCANIC_ROCK_VOUCHER_10000,SEASHELLS,36,15
39500,SUBMISSION,,KELP,SEASHELLS,2036,4
39700,SUBMISSION,,VOLCANIC_ROCK_VOUCHER_10000,SEASHELLS,37,20
39700,,SUBMISSION,KELP,SEASHELLS,2037,1
39800,,SUBMISSION,VOLCANIC_ROCK_VOUCHER_10000,SEASHELLS,38,11
39900,SUBMISSION,,VOLCANIC_ROCK_VOUCHER_10000,SEASHELLS,35,12
40000,,SUBMISSION,VOLCANIC_ROCK_VOUCHER_10000,SEASHELLS,39,13
40200,SUBMISSION,,RAINFOREST_RESIN,SEASHELLS,9997,8
40200,SUBMISSION,,VOLCANIC_ROCK_VOUCHER_10000,SEASHELLS,36,2
40200,SUBMISSION,,VOLCANIC_ROCK_VOUCHER_10000,SEASHELLS,36,18
40300,SUBMISSION,,KELP,SEASHELLS,2036,2
40300,,SUBMISSION,KELP,SEASHELLS,2037,1
40500,,SUBMISSION,VOLCANIC_ROCK_VOUCHER_10000,SEASHELLS,38,16
40500,SUBMISSION,,RAINFOREST_RESIN,SEASHELLS,9993,1
40600,SUBMISSION,,VOLCANIC_ROCK_VOUCHER_10000,SEASHELLS,36,15
40600,SUBMISSION,,VOLCANIC_ROCK_VOUCHER_10000,SEASHELLS,36,2
40600,SUBMISSION,,RAINFOREST_RESIN,SEASHELLS,9998,3
40700,SUBMISSION,,VOLCANIC_ROCK_VOUCHER_10000,SEASHELLS,36,2
40700,SUBMISSION,,VOLCANIC_ROCK_VOUCHER_10000,SEASHELLS,36,15
40700,,SUBMISSION,KELP,SEASHELLS,2037,1
40800,SUBMISSION,,VOLCANIC_ROCK_VOUCHER_10000,SEASHELLS,37,2
40800,SUBMISSION,,VOLCANIC_ROCK_VOUCHER_10000,SEASHELLS,37,14
40900,SUBMISSION,,VOLCANIC_ROCK_VOUCHER_10000,SEASHELLS,36,2
40900,,SUBMISSION,KELP,SEASHELLS,2038,4
40900,SUBMISSION,,VOLCANIC_ROCK_VOUCHER_10000,SEASHELLS,36,10
41000,SUBMISSION,,VOLCANIC_ROCK_VOUCHER_10000,SEASHELLS,35,11
41000,SUBMISSION,,RAINFOREST_RESIN,SEASHELLS,9993,2
41300,,SUBMISSION,MAGNIFICENT_MACARONS,SEASHELLS,737,2
41400,SUBMISSION,,RAINFOREST_RESIN,SEASHELLS,9993,2
41500,SUBMISSION,,VOLCANIC_ROCK_VOUCHER_10000,SEASHELLS,38,13
41500,SUBMISSION,,KELP,SEASHELLS,2037,4
41500,,SUBMISSION,RAINFOREST_RESIN,SEASHELLS,10007,6
41600,,SUBMISSION,VOLCANIC_ROCK_VOUCHER_10000,SEASHELLS,39,10
41700,SUBMISSION,,VOLCANIC_ROCK_VOUCHER_10000,SEASHELLS,37,20
41800,,SUBMISSION,RAINFOREST_RESIN,SEASHELLS,10001,1
41800,SUBMISSION,,KELP,SEASHELLS,2037,4
41900,SUBMISSION,,VOLCANIC_ROCK_VOUCHER_10000,SEASHELLS,40,20
42000,SUBMISSION,,VOLCANIC_ROCK_VOUCHER_10000,SEASHELLS,35,19
42100,,SUBMISSION,VOLCANIC_ROCK_VOUCHER_10000,SEASHELLS,38,14
42100,,SUBMISSION,VOLCANIC_ROCK_VOUCHER_10000,SEASHELLS,38,2
42400,SUBMISSION,,KELP,SEASHELLS,2036,9
42600,,SUBMISSION,KELP,SEASHELLS,2037,1
42600,SUBMISSION,,KELP,SEASHELLS,2036,2
42700,SUBMISSION,,VOLCANIC_ROCK_VOUCHER_10000,SEASHELLS,38,2
42700,SUBMISSION,,VOLCANIC_ROCK_VOUCHER_10000,SEASHELLS,38,12
43000,SUBMISSION,,KELP,SEASHELLS,2036,2
43000,SUBMISSION,,VOLCANIC_ROCK_VOUCHER_10000,SEASHELLS,38,14
43200,SUBMISSION,,VOLCANIC_ROCK_VOUCHER_10000,SEASHELLS,36,18
43200,SUBMISSION,,KELP,SEASHELLS,2036,4
43300,,SUBMISSION,VOLCANIC_ROCK_VOUCHER_10000,SEASHELLS,42,1
43300,,SUBMISSION,VOLCANIC_ROCK_VOUCHER_10000,SEASHELLS,42,10
43500,SUBMISSION,,VOLCANIC_ROCK_VOUCHER_10000,SEASHELLS,38,11
43600,,SUBMISSION,KELP,SEASHELLS,2037,1
43700,,SUBMISSION,KELP,SEASHELLS,2037,2
44000,SUBMISSION,,RAINFOREST_RESIN,SEASHELLS,9998,4
44000,SUBMISSION,,RAINFOREST_RESIN,SEASHELLS,9993,2
44000,SUBMISSION,,RAINFOREST_RESIN,SEASHELLS,10000,3
44300,,SUBMISSION,KELP,SEASHELLS,2037,3
44400,,SUBMISSION,RAINFOREST_RESIN,SEASHELLS,10007,4
44700,,SUBMISSION,VOLCANIC_ROCK_VOUCHER_10000,SEASHELLS,40,10
44700,,SUBMISSION,VOLCANIC_ROCK_VOUCHER_10000,SEASHELLS,40,1
44900,,SUBMISSION,VOLCANIC_ROCK_VOUCHER_10000,SEASHELLS,40,2
45000,,SUBMISSION,VOLCANIC_ROCK_VOUCHER_10000,SEASHELLS,41,16
45100,SUBMISSION,,VOLCANIC_ROCK_VOUCHER_10000,SEASHELLS,41,1
45100,SUBMISSION,,VOLCANIC_ROCK_VOUCHER_10000,SEASHELLS,41,14
45100,,SUBMISSION,KELP,SEASHELLS,2037,15
45400,SUBMISSION,,VOLCANIC_ROCK_VOUCHER_10000,SEASHELLS,44,14
45500,,SUBMISSION,VOLCANIC_ROCK_VOUCHER_10000,SEASHELLS,41,2
45500,SUBMISSION,,RAINFOREST_RESIN,SEASHELLS,9998,3
45500,,SUBMISSION,VOLCANIC_ROCK_VOUCHER_10000,SEASHELLS,41,15
45500,,SUBMISSION,MAGNIFICENT_MACARONS,SEASHELLS,721,3
45700,,SUBMISSION,VOLCANIC_ROCK_VOUCHER_10000,SEASHELLS,42,15
45700,,SUBMISSION,VOLCANIC_ROCK_VOUCHER_10000,SEASHELLS,42,1
45800,SUBMISSION,,VOLCANIC_ROCK_VOUCHER_10000,SEASHELLS,40,13
45900,,SUBMISSION,VOLCANIC_ROCK_VOUCHER_10000,SEASHELLS,46,1
45900,,SUBMISSION,VOLCANIC_ROCK_VOUCHER_10000,SEASHELLS,46,14
46000,,SUBMISSION,VOLCANIC_ROCK_VOUCHER_10000,SEASHELLS,42,20
46000,,SUBMISSION,KELP,SEASHELLS,2037,1
46000,,SUBMISSION,VOLCANIC_ROCK_VOUCHER_10000,SEASHELLS,42,2
46100,SUBMISSION,,VOLCANIC_ROCK_VOUCHER_10000,SEASHELLS,41,2
46100,,SUBMISSION,KELP,SEASHELLS,2037,9
46100,SUBMISSION,,VOLCANIC_ROCK_VOUCHER_10000,SEASHELLS,41,13
46200,SUBMISSION,,VOLCANIC_ROCK_VOUCHER_10000,SEASHELLS,43,18
46200,SUBMISSION,,VOLCANIC_ROCK_VOUCHER_10000,SEASHELLS,43,2
46500,SUBMISSION,,RAINFOREST_RESIN,SEASHELLS,9999,1
46600,,SUBMISSION,RAINFOREST_RESIN,SEASHELLS,10007,2
46800,,SUBMISSION,RAINFOREST_RESIN,SEASHELLS,10001,1
46800,SUBMISSION,,KELP,SEASHELLS,2036,2
46900,SUBMISSION,,VOLCANIC_ROCK_VOUCHER_10000,SEASHELLS,41,2
46900,SUBMISSION,,VOLCANIC_ROCK_VOUCHER_10000,SEASHELLS,41,10
47000,SUBMISSION,,RAINFOREST_RESIN,SEASHELLS,9993,8
47000,,SUBMISSION,VOLCANIC_ROCK_VOUCHER_10000,SEASHELLS,41,17
47000,,SUBMISSION,KELP,SEASHELLS,2037,3
47100,SUBMISSION,,VOLCANIC_ROCK_VOUCHER_10000,SEASHELLS,41,20
47200,SUBMISSION,,VOLCANIC_ROCK_VOUCHER_9500,SEASHELLS,444,2
47200,SUBMISSION,,RAINFOREST_RESIN,SEASHELLS,9998,5
47200,,SUBMISSION,VOLCANIC_ROCK_VOUCHER_9750,SEASHELLS,205,17
47200,SUBMISSION,,VOLCANIC_ROCK_VOUCHER_10250,SEASHELLS,4,17
47200,SUBMISSION,,VOLCANIC_ROCK_VOUCHER_9500,SEASHELLS,444,17
47200,SUBMISSION,,VOLCANIC_ROCK_VOUCHER_10250,SEASHELLS,4,2
47200,,SUBMISSION,VOLCANIC_ROCK_VOUCHER_9750,SEASHELLS,205,2
47300,,SUBMISSION,KELP,SEASHELLS,2037,1
47300,,SUBMISSION,VOLCANIC_ROCK_VOUCHER_10000,SEASHELLS,45,3
47300,,SUBMISSION,VOLCANIC_ROCK_VOUCHER_10000,SEASHELLS,45,1
47400,,SUBMISSION,VOLCANIC_ROCK_VOUCHER_10000,SEASHELLS,42,2
47400,,SUBMISSION,VOLCANIC_ROCK_VOUCHER_10000,SEASHELLS,42,14
47500,,SUBMISSION,VOLCANIC_ROCK_VOUCHER_10000,SEASHELLS,43,13
47800,,SUBMISSION,KELP,SEASHELLS,2037,10
47800,SUBMISSION,,VOLCANIC_ROCK_VOUCHER_10000,SEASHELLS,42,14
47900,,SUBMISSION,KELP,SEASHELLS,2037,9
47900,SUBMISSION,,VOLCANIC_ROCK_VOUCHER_10000,SEASHELLS,40,2
47900,SUBMISSION,,VOLCANIC_ROCK_VOUCHER_10000,SEASHELLS,40,11
48100,,SUBMISSION,VOLCANIC_ROCK_VOUCHER_10000,SEASHELLS,44,12
48200,,SUBMISSION,RAINFOREST_RESIN,SEASHELLS,10007,4
48200,SUBMISSION,,VOLCANIC_ROCK_VOUCHER_10000,SEASHELLS,41,16
48200,SUBMISSION,,VOLCANIC_ROCK_VOUCHER_10000,SEASHELLS,41,1
48300,,SUBMISSION,RAINFOREST_RESIN,SEASHELLS,10001,1
48300,,SUBMISSION,VOLCANIC_ROCK_VOUCHER_10000,SEASHELLS,46,2
48300,,SUBMISSION,VOLCANIC_ROCK_VOUCHER_10000,SEASHELLS,46,13
48400,SUBMISSION,,VOLCANIC_ROCK_VOUCHER_10000,SEASHELLS,43,1
48400,SUBMISSION,,VOLCANIC_ROCK_VOUCHER_10000,SEASHELLS,43,17
48500,SUBMISSION,,VOLCANIC_ROCK_VOUCHER_10000,SEASHELLS,40,5
48600,,SUBMISSION,RAINFOREST_RESIN,SEASHELLS,10002,3
48800,,SUBMISSION,VOLCANIC_ROCK_VOUCHER_10000,SEASHELLS,45,15
48900,SUBMISSION,,VOLCANIC_ROCK_VOUCHER_10000,SEASHELLS,44,11
49000,SUBMISSION,,VOLCANIC_ROCK_VOUCHER_10000,SEASHELLS,49,4
49000,SUBMISSION,,RAINFOREST_RESIN,SEASHELLS,9997,9
49100,,SUBMISSION,KELP,SEASHELLS,2037,1
49100,,SUBMISSION,MAGNIFICENT_MACARONS,SEASHELLS,713,10
49200,,SUBMISSION,KELP,SEASHELLS,2037,1
49200,SUBMISSION,,RAINFOREST_RESIN,SEASHELLS,9997,12
49300,,SUBMISSION,VOLCANIC_ROCK_VOUCHER_10000,SEASHELLS,46,13
49300,,SUBMISSION,RAINFOREST_RESIN,SEASHELLS,10001,1
49300,,SUBMISSION,VOLCANIC_ROCK_VOUCHER_10000,SEASHELLS,46,2
49400,,SUBMISSION,KELP,SEASHELLS,2037,10
49800,,SUBMISSION,RAINFOREST_RESIN,SEASHELLS,10000,3
49900,,SUBMISSION,VOLCANIC_ROCK_VOUCHER_10000,SEASHELLS,45,10
49900,SUBMISSION,,KELP,SEASHELLS,2036,1
50000,,SUBMISSION,RAINFOREST_RESIN,SEASHELLS,10007,2
50100,,SUBMISSION,VOLCANIC_ROCK_VOUCHER_10000,SEASHELLS,45,10
50100,,SUBMISSION,VOLCANIC_ROCK_VOUCHER_10000,SEASHELLS,45,1
50300,SUBMISSION,,VOLCANIC_ROCK_VOUCHER_10000,SEASHELLS,42,19
50400,SUBMISSION,,VOLCANIC_ROCK_VOUCHER_9750,SEASHELLS,207,17
50400,SUBMISSION,,VOLCANIC_ROCK_VOUCHER_9750,SEASHELLS,207,1
50400,SUBMISSION,,RAINFOREST_RESIN,SEASHELLS,9993,10
50400,,SUBMISSION,MAGNIFICENT_MACARONS,SEASHELLS,720,3
50400,,SUBMISSION,VOLCANIC_ROCK_VOUCHER_10000,SEASHELLS,41,1
50400,,SUBMISSION,KELP,SEASHELLS,2036,3
50400,,SUBMISSION,VOLCANIC_ROCK_VOUCHER_10000,SEASHELLS,41,17
50500,SUBMISSION,,KELP,SEASHELLS,2035,14
50700,SUBMISSION,,RAINFOREST_RESIN,SEASHELLS,9993,4
50700,SUBMISSION,,RAINFOREST_RESIN,SEASHELLS,9999,1
50800,SUBMISSION,,VOLCANIC_ROCK_VOUCHER_10000,SEASHELLS,43,17
50800,SUBMISSION,,VOLCANIC_ROCK_VOUCHER_10000,SEASHELLS,43,2
50900,SUBMISSION,,RAINFOREST_RESIN,SEASHELLS,9997,6
51000,SUBMISSION,,VOLCANIC_ROCK_VOUCHER_9500,SEASHELLS,450,4
51000,,SUBMISSION,KELP,SEASHELLS,2037,11
51100,,SUBMISSION,VOLCANIC_ROCK_VOUCHER_10000,SEASHELLS,42,16
51100,SUBMISSION,,KELP,SEASHELLS,2036,2
51200,SUBMISSION,,VOLCANIC_ROCK_VOUCHER_10000,SEASHELLS,42,18
51200,SUBMISSION,,VOLCANIC_ROCK_VOUCHER_10000,SEASHELLS,42,2
51300,SUBMISSION,,VOLCANIC_ROCK_VOUCHER_10000,SEASHELLS,40,12
51500,SUBMISSION,,KELP,SEASHELLS,2035,5
51600,SUBMISSION,,RAINFOREST_RESIN,SEASHELLS,9993,5
51700,,SUBMISSION,VOLCANIC_ROCK_VOUCHER_10000,SEASHELLS,47,13
51800,,SUBMISSION,VOLCANIC_ROCK_VOUCHER_10000,SEASHELLS,46,13
51800,,SUBMISSION,VOLCANIC_ROCK_VOUCHER_10000,SEASHELLS,46,2
51900,SUBMISSION,,VOLCANIC_ROCK_VOUCHER_10000,SEASHELLS,44,17
51900,SUBMISSION,,RAINFOREST_RESIN,SEASHELLS,9999,1
51900,SUBMISSION,,VOLCANIC_ROCK_VOUCHER_10000,SEASHELLS,44,2
51900,,SUBMISSION,KELP,SEASHELLS,2036,1
52000,SUBMISSION,,KELP,SEASHELLS,2035,4
52000,,SUBMISSION,VOLCANIC_ROCK_VOUCHER_10000,SEASHELLS,43,17
52000,,SUBMISSION,VOLCANIC_ROCK_VOUCHER_10000,SEASHELLS,43,1
52100,,SUBMISSION,KELP,SEASHELLS,2036,1
52200,SUBMISSION,,VOLCANIC_ROCK_VOUCHER_10000,SEASHELLS,44,17
52200,,SUBMISSION,MAGNIFICENT_MACARONS,SEASHELLS,725,8
52200,SUBMISSION,,VOLCANIC_ROCK_VOUCHER_10000,SEASHELLS,44,2
52400,SUBMISSION,,VOLCANIC_ROCK_VOUCHER_10000,SEASHELLS,44,8
52400,SUBMISSION,,KELP,SEASHELLS,2036,1
52500,SUBMISSION,,VOLCANIC_ROCK_VOUCHER_10250,SEASHELLS,4,2
52500,SUBMISSION,,VOLCANIC_ROCK_VOUCHER_9500,SEASHELLS,454,2
52500,SUBMISSION,,VOLCANIC_ROCK_VOUCHER_10250,SEASHELLS,4,16
52500,SUBMISSION,,VOLCANIC_ROCK_VOUCHER_9500,SEASHELLS,454,16
52600,,SUBMISSION,KELP,SEASHELLS,2036,5
52700,,SUBMISSION,KELP,SEASHELLS,2036,1
52800,,SUBMISSION,VOLCANIC_ROCK_VOUCHER_9500,SEASHELLS,458,2
52800,,SUBMISSION,VOLCANIC_ROCK_VOUCHER_9500,SEASHELLS,458,20
52800,SUBMISSION,,VOLCANIC_ROCK_VOUCHER_9750,SEASHELLS,216,1
53000,,SUBMISSION,VOLCANIC_ROCK_VOUCHER_10000,SEASHELLS,45,18
53100,,SUBMISSION,VOLCANIC_ROCK_VOUCHER_10000,SEASHELLS,45,20
53200,,SUBMISSION,RAINFOREST_RESIN,SEASHELLS,10002,5
53300,SUBMISSION,,VOLCANIC_ROCK_VOUCHER_10000,SEASHELLS,46,2
53300,SUBMISSION,,VOLCANIC_ROCK_VOUCHER_10000,SEASHELLS,46,18
53400,,SUBMISSION,VOLCANIC_ROCK_VOUCHER_10000,SEASHELLS,48,12
53600,,SUBMISSION,VOLCANIC_ROCK_VOUCHER_10000,SEASHELLS,44,1
53600,,SUBMISSION,VOLCANIC_ROCK_VOUCHER_10000,SEASHELLS,44,16
53800,SUBMISSION,,VOLCANIC_ROCK_VOUCHER_10000,SEASHELLS,42,10
53800,SUBMISSION,,VOLCANIC_ROCK_VOUCHER_10000,SEASHELLS,42,2
53900,,SUBMISSION,VOLCANIC_ROCK_VOUCHER_10000,SEASHELLS,43,2
53900,,SUBMISSION,VOLCANIC_ROCK_VOUCHER_10000,SEASHELLS,43,14
54000,SUBMISSION,,VOLCANIC_ROCK_VOUCHER_10000,SEASHELLS,43,19
54100,,SUBMISSION,VOLCANIC_ROCK_VOUCHER_10000,SEASHELLS,48,17
54100,,SUBMISSION,KELP,SEASHELLS,2037,7
54100,,SUBMISSION,RAINFOREST_RESIN,SEASHELLS,10001,1
54100,,SUBMISSION,VOLCANIC_ROCK_VOUCHER_10000,SEASHELLS,48,1
54200,SUBMISSION,,KELP,SEASHELLS,2036,5
54200,,SUBMISSION,VOLCANIC_ROCK_VOUCHER_10000,SEASHELLS,46,13
54200,,SUBMISSION,RAINFOREST_RESIN,SEASHELLS,10001,1
54200,,SUBMISSION,VOLCANIC_ROCK_VOUCHER_10000,SEASHELLS,46,1
54200,SUBMISSION,,KELP,SEASHELLS,2035,1
54300,SUBMISSION,,VOLCANIC_ROCK_VOUCHER_10000,SEASHELLS,43,16
54300,SUBMISSION,,VOLCANIC_ROCK_VOUCHER_10000,SEASHELLS,43,1
54300,SUBMISSION,,KELP,SEASHELLS,2035,6
54500,,SUBMISSION,VOLCANIC_ROCK_VOUCHER_10000,SEASHELLS,43,16
54600,,SUBMISSION,VOLCANIC_ROCK_VOUCHER_10000,SEASHELLS,46,17
54600,,SUBMISSION,VOLCANIC_ROCK_VOUCHER_10000,SEASHELLS,46,2
54600,SUBMISSION,,RAINFOREST_RESIN,SEASHELLS,9999,1
54800,SUBMISSION,,VOLCANIC_ROCK_VOUCHER_10000,SEASHELLS,40,1
54800,SUBMISSION,,VOLCANIC_ROCK_VOUCHER_10000,SEASHELLS,40,10
54900,SUBMISSION,,KELP,SEASHELLS,2036,2
54900,SUBMISSION,,VOLCANIC_ROCK_VOUCHER_10000,SEASHELLS,42,18
55200,,SUBMISSION,VOLCANIC_ROCK_VOUCHER_10000,SEASHELLS,45,15
55300,,SUBMISSION,VOLCANIC_ROCK_VOUCHER_10000,SEASHELLS,46,16
55300,SUBMISSION,,KELP,SEASHELLS,2036,4
55400,SUBMISSION,,KELP,SEASHELLS,2036,6
55500,,SUBMISSION,VOLCANIC_ROCK_VOUCHER_9500,SEASHELLS,450,1
55500,,SUBMISSION,VOLCANIC_ROCK_VOUCHER_9500,SEASHELLS,450,6
55500,SUBMISSION,,KELP,SEASHELLS,2036,14
55600,,SUBMISSION,VOLCANIC_ROCK_VOUCHER_10000,SEASHELLS,46,2
55600,,SUBMISSION,VOLCANIC_ROCK_VOUCHER_10000,SEASHELLS,46,10
55800,SUBMISSION,,RAINFOREST_RESIN,SEASHELLS,9998,6
55800,,SUBMISSION,VOLCANIC_ROCK_VOUCHER_10000,SEASHELLS,43,16
55900,,SUBMISSION,VOLCANIC_ROCK_VOUCHER_10000,SEASHELLS,44,2
55900,,SUBMISSION,VOLCANIC_ROCK_VOUCHER_10000,SEASHELLS,44,18
55900,SUBMISSION,,KELP,SEASHELLS,2035,1
55900,SUBMISSION,,RAINFOREST_RESIN,SEASHELLS,9999,1
55900,SUBMISSION,,KELP,SEASHELLS,2036,3
56000,SUBMISSION,,RAINFOREST_RESIN,SEASHELLS,9999,1
56100,SUBMISSION,,KELP,SEASHELLS,2035,1
56100,SUBMISSION,,KELP,SEASHELLS,2036,4
56200,SUBMISSION,,VOLCANIC_ROCK_VOUCHER_10000,SEASHELLS,41,17
56300,,SUBMISSION,VOLCANIC_ROCK_VOUCHER_10000,SEASHELLS,46,2
56300,,SUBMISSION,VOLCANIC_ROCK_VOUCHER_10000,SEASHELLS,46,10
56400,SUBMISSION,,VOLCANIC_ROCK_VOUCHER_10250,SEASHELLS,4,17
56400,SUBMISSION,,VOLCANIC_ROCK_VOUCHER_9500,SEASHELLS,449,17
56400,SUBMISSION,,KELP,SEASHELLS,2035,1
56600,SUBMISSION,,VOLCANIC_ROCK_VOUCHER_10000,SEASHELLS,41,2
56600,SUBMISSION,,VOLCANIC_ROCK_VOUCHER_10000,SEASHELLS,41,19
56700,SUBMISSION,,VOLCANIC_ROCK_VOUCHER_10000,SEASHELLS,43,1
56700,SUBMISSION,,VOLCANIC_ROCK_VOUCHER_10000,SEASHELLS,43,13
56800,,SUBMISSION,KELP,SEASHELLS,2037,9
56800,,SUBMISSION,VOLCANIC_ROCK_VOUCHER_10000,SEASHELLS,45,19
57000,,SUBMISSION,KELP,SEASHELLS,2037,1
57100,,SUBMISSION,KELP,SEASHELLS,2037,9
57100,SUBMISSION,,VOLCANIC_ROCK_VOUCHER_10000,SEASHELLS,40,1
57100,SUBMISSION,,VOLCANIC_ROCK_VOUCHER_10000,SEASHELLS,40,17
57200,,SUBMISSION,VOLCANIC_ROCK_VOUCHER_10000,SEASHELLS,44,11
57200,SUBMISSION,,RAINFOREST_RESIN,SEASHELLS,9993,1
57200,,SUBMISSION,VOLCANIC_ROCK_VOUCHER_10000,SEASHELLS,44,1
57300,SUBMISSION,,VOLCANIC_ROCK_VOUCHER_10000,SEASHELLS,38,16
57300,SUBMISSION,,VOLCANIC_ROCK_VOUCHER_10000,SEASHELLS,38,1
57400,SUBMISSION,,VOLCANIC_ROCK_VOUCHER_10000,SEASHELLS,38,16
57400,SUBMISSION,,KELP,SEASHELLS,2036,5
57400,SUBMISSION,,VOLCANIC_ROCK_VOUCHER_10000,SEASHELLS,38,2
57500,SUBMISSION,,VOLCANIC_ROCK_VOUCHER_10000,SEASHELLS,39,2
57500,SUBMISSION,,VOLCANIC_ROCK_VOUCHER_10000,SEASHELLS,39,15
57600,SUBMISSION,,VOLCANIC_ROCK_VOUCHER_10000,SEASHELLS,38,18
57600,SUBMISSION,,VOLCANIC_ROCK_VOUCHER_10000,SEASHELLS,38,2
57900,SUBMISSION,,VOLCANIC_ROCK_VOUCHER_10000,SEASHELLS,41,2
57900,,SUBMISSION,RAINFOREST_RESIN,SEASHELLS,10003,7
57900,SUBMISSION,,VOLCANIC_ROCK_VOUCHER_10000,SEASHELLS,41,17
58200,,SUBMISSION,KELP,SEASHELLS,2037,9
58200,,SUBMISSION,KELP,SEASHELLS,2037,1
58300,,SUBMISSION,VOLCANIC_ROCK_VOUCHER_10000,SEASHELLS,42,2
58300,,SUBMISSION,RAINFOREST_RESIN,SEASHELLS,10000,5
58300,,SUBMISSION,VOLCANIC_ROCK_VOUCHER_10000,SEASHELLS,42,20
58400,,SUBMISSION,KELP,SEASHELLS,2037,1
58500,,SUBMISSION,RAINFOREST_RESIN,SEASHELLS,10007,5
58800,SUBMISSION,,VOLCANIC_ROCK_VOUCHER_10000,SEASHELLS,36,19
59000,,SUBMISSION,VOLCANIC_ROCK_VOUCHER_10000,SEASHELLS,43,19
59100,,SUBMISSION,MAGNIFICENT_MACARONS,SEASHELLS,730,8
59300,SUBMISSION,,VOLCANIC_ROCK_VOUCHER_10000,SEASHELLS,37,10
59300,SUBMISSION,,KELP,SEASHELLS,2036,2
59500,SUBMISSION,,KELP,SEASHELLS,2036,1
59600,,SUBMISSION,VOLCANIC_ROCK_VOUCHER_10000,SEASHELLS,42,10
59700,SUBMISSION,,VOLCANIC_ROCK_VOUCHER_10000,SEASHELLS,39,2
59700,SUBMISSION,,VOLCANIC_ROCK_VOUCHER_10000,SEASHELLS,39,17
59800,,SUBMISSION,RAINFOREST_RESIN,SEASHELLS,10007,4
59800,,SUBMISSION,VOLCANIC_ROCK_VOUCHER_10000,SEASHELLS,40,16
60000,,SUBMISSION,RAINFOREST_RESIN,SEASHELLS,10007,9
60000,,SUBMISSION,VOLCANIC_ROCK_VOUCHER_10000,SEASHELLS,37,11
60200,SUBMISSION,,KELP,SEASHELLS,2037,2
60300,SUBMISSION,,KELP,SEASHELLS,2036,1
60400,SUBMISSION,,VOLCANIC_ROCK_VOUCHER_10000,SEASHELLS,38,11
60400,SUBMISSION,,VOLCANIC_ROCK_VOUCHER_10000,SEASHELLS,38,1
60400,SUBMISSION,,KELP,SEASHELLS,2036,15
60400,,SUBMISSION,KELP,SEASHELLS,2038,1
60500,SUBMISSION,,VOLCANIC_ROCK_VOUCHER_10000,SEASHELLS,36,15
60600,,SUBMISSION,VOLCANIC_ROCK_VOUCHER_10000,SEASHELLS,39,16
60600,,SUBMISSION,VOLCANIC_ROCK_VOUCHER_10000,SEASHELLS,39,1
60700,,SUBMISSION,VOLCANIC_ROCK_VOUCHER_10000,SEASHELLS,38,10
60700,,SUBMISSION,VOLCANIC_ROCK_VOUCHER_9500,SEASHELLS,436,10
60700,SUBMISSION,,KELP,SEASHELLS,2036,2
60700,,SUBMISSION,RAINFOREST_RESIN,SEASHELLS,10000,2
60700,,SUBMISSION,VOLCANIC_ROCK_VOUCHER_10000,SEASHELLS,38,2
60700,,SUBMISSION,VOLCANIC_ROCK_VOUCHER_9500,SEASHELLS,436,2
60800,,SUBMISSION,VOLCANIC_ROCK_VOUCHER_10000,SEASHELLS,39,2
60800,,SUBMISSION,VOLCANIC_ROCK_VOUCHER_10000,SEASHELLS,39,19
61000,SUBMISSION,,RAINFOREST_RESIN,SEASHELLS,9999,1
61100,SUBMISSION,,RAINFOREST_RESIN,SEASHELLS,9993,2
61200,SUBMISSION,,KELP,SEASHELLS,2036,1
61200,SUBMISSION,,KELP,SEASHELLS,2036,8
61200,,SUBMISSION,VOLCANIC_ROCK_VOUCHER_10000,SEASHELLS,46,14
61200,,SUBMISSION,KELP,SEASHELLS,2037,8
61300,,SUBMISSION,RAINFOREST_RESIN,SEASHELLS,10002,4
61400,,SUBMISSION,VOLCANIC_ROCK_VOUCHER_10000,SEASHELLS,42,16
61400,SUBMISSION,,RAINFOREST_RESIN,SEASHELLS,9999,1
61400,,SUBMISSION,KELP,SEASHELLS,2037,1
61400,,SUBMISSION,VOLCANIC_ROCK_VOUCHER_10000,SEASHELLS,42,1
61500,SUBMISSION,,VOLCANIC_ROCK_VOUCHER_10000,SEASHELLS,39,2
61500,SUBMISSION,,VOLCANIC_ROCK_VOUCHER_10000,SEASHELLS,39,13
61700,,SUBMISSION,RAINFOREST_RESIN,SEASHELLS,10003,4
61700,,SUBMISSION,VOLCANIC_ROCK_VOUCHER_10000,SEASHELLS,44,1
61700,,SUBMISSION,VOLCANIC_ROCK_VOUCHER_10000,SEASHELLS,44,12
61900,,SUBMISSION,VOLCANIC_ROCK_VOUCHER_10000,SEASHELLS,45,2
61900,,SUBMISSION,VOLCANIC_ROCK_VOUCHER_10000,SEASHELLS,45,17
61900,,SUBMISSION,KELP,SEASHELLS,2037,2
62100,SUBMISSION,,KELP,SEASHELLS,2036,1
62100,SUBMISSION,,VOLCANIC_ROCK_VOUCHER_10000,SEASHELLS,38,20
62200,SUBMISSION,,KELP,SEASHELLS,2036,2
62500,SUBMISSION,,VOLCANIC_ROCK_VOUCHER_10000,SEASHELLS,39,1
62500,SUBMISSION,,KELP,SEASHELLS,2036,2
62500,SUBMISSION,,VOLCANIC_ROCK_VOUCHER_10000,SEASHELLS,39,18
62700,SUBMISSION,,KELP,SEASHELLS,2036,2
62700,SUBMISSION,,KELP,SEASHELLS,2036,4
63000,SUBMISSION,,VOLCANIC_ROCK_VOUCHER_10000,SEASHELLS,39,20
63400,SUBMISSION,,VOLCANIC_ROCK_VOUCHER_10000,SEASHELLS,35,1
63400,SUBMISSION,,VOLCANIC_ROCK_VOUCHER_10000,SEASHELLS,35,11
63500,SUBMISSION,,KELP,SEASHELLS,2036,2
63700,,SUBMISSION,RAINFOREST_RESIN,SEASHELLS,10003,9
63800,,SUBMISSION,KELP,SEASHELLS,2036,5
63800,SUBMISSION,,RAINFOREST_RESIN,SEASHELLS,9998,5
63800,,SUBMISSION,KELP,SEASHELLS,2037,1
63800,SUBMISSION,,RAINFOREST_RESIN,SEASHELLS,9993,4
63900,SUBMISSION,,VOLCANIC_ROCK_VOUCHER_10000,SEASHELLS,40,10
63900,SUBMISSION,,KELP,SEASHELLS,2035,1
63900,SUBMISSION,,VOLCANIC_ROCK_VOUCHER_10000,SEASHELLS,40,1
64100,SUBMISSION,,RAINFOREST_RESIN,SEASHELLS,9998,5
64100,SUBMISSION,,VOLCANIC_ROCK_VOUCHER_10000,SEASHELLS,37,1
64100,SUBMISSION,,VOLCANIC_ROCK_VOUCHER_10000,SEASHELLS,37,17
64300,SUBMISSION,,VOLCANIC_ROCK_VOUCHER_10000,SEASHELLS,36,13
64300,SUBMISSION,,VOLCANIC_ROCK_VOUCHER_10000,SEASHELLS,36,2
64400,,SUBMISSION,RAINFOREST_RESIN,SEASHELLS,10001,1
64400,,SUBMISSION,VOLCANIC_ROCK_VOUCHER_10000,SEASHELLS,39,1
64400,,SUBMISSION,VOLCANIC_ROCK_VOUCHER_9500,SEASHELLS,433,1
64400,,SUBMISSION,VOLCANIC_ROCK_VOUCHER_10000,SEASHELLS,39,11
64400,,SUBMISSION,VOLCANIC_ROCK_VOUCHER_9500,SEASHELLS,433,11
64500,SUBMISSION,,VOLCANIC_ROCK_VOUCHER_10000,SEASHELLS,36,12
64600,,SUBMISSION,VOLCANIC_ROCK_VOUCHER_10000,SEASHELLS,40,2
64600,,SUBMISSION,VOLCANIC_ROCK_VOUCHER_10000,SEASHELLS,40,13
64700,SUBMISSION,,VOLCANIC_ROCK_VOUCHER_10000,SEASHELLS,38,11
64700,SUBMISSION,,VOLCANIC_ROCK_VOUCHER_10000,SEASHELLS,38,1
64700,SUBMISSION,,RAINFOREST_RESIN,SEASHELLS,9998,3
64800,SUBMISSION,,VOLCANIC_ROCK_VOUCHER_10000,SEASHELLS,38,3
64800,,SUBMISSION,RAINFOREST_RESIN,SEASHELLS,10007,10
65000,,SUBMISSION,RAINFOREST_RESIN,SEASHELLS,10001,1
65100,,SUBMISSION,RAINFOREST_RESIN,SEASHELLS,10002,5
65100,,SUBMISSION,KELP,SEASHELLS,2037,1
65400,,SUBMISSION,KELP,SEASHELLS,2037,3
65700,,SUBMISSION,KELP,SEASHELLS,2037,1
65800,,SUBMISSION,KELP,SEASHELLS,2037,4
65900,,SUBMISSION,VOLCANIC_ROCK_VOUCHER_10000,SEASHELLS,48,15
65900,,SUBMISSION,VOLCANIC_ROCK_VOUCHER_9500,SEASHELLS,456,5
66000,,SUBMISSION,KELP,SEASHELLS,2038,1
66000,SUBMISSION,,VOLCANIC_ROCK_VOUCHER_10000,SEASHELLS,48,1
66000,SUBMISSION,,VOLCANIC_ROCK_VOUCHER_10000,SEASHELLS,48,13
66100,SUBMISSION,,RAINFOREST_RESIN,SEASHELLS,9999,1
66200,,SUBMISSION,VOLCANIC_ROCK_VOUCHER_10000,SEASHELLS,50,11
66300,SUBMISSION,,VOLCANIC_ROCK_VOUCHER_10000,SEASHELLS,46,12
66400,SUBMISSION,,KELP,SEASHELLS,2036,6
66600,,SUBMISSION,RAINFOREST_RESIN,SEASHELLS,10007,2
66700,SUBMISSION,,RAINFOREST_RESIN,SEASHELLS,9998,3
66700,SUBMISSION,,KELP,SEASHELLS,2037,3
66700,,SUBMISSION,RAINFOREST_RESIN,SEASHELLS,10007,1
67200,,SUBMISSION,KELP,SEASHELLS,2038,7
67300,,SUBMISSION,VOLCANIC_ROCK_VOUCHER_10000,SEASHELLS,48,18
67300,,SUBMISSION,RAINFOREST_RESIN,SEASHELLS,10001,1
67500,SUBMISSION,,VOLCANIC_ROCK_VOUCHER_10000,SEASHELLS,42,18
68000,SUBMISSION,,KELP,SEASHELLS,2037,2
68100,,SUBMISSION,VOLCANIC_ROCK_VOUCHER_10000,SEASHELLS,48,2
68100,,SUBMISSION,VOLCANIC_ROCK_VOUCHER_10000,SEASHELLS,48,11
68200,SUBMISSION,,RAINFOREST_RESIN,SEASHELLS,9993,1
68400,,SUBMISSION,VOLCANIC_ROCK_VOUCHER_10000,SEASHELLS,49,12
68400,SUBMISSION,,RAINFOREST_RESIN,SEASHELLS,9999,1
68400,,SUBMISSION,VOLCANIC_ROCK_VOUCHER_10000,SEASHELLS,49,1
68500,SUBMISSION,,KELP,SEASHELLS,2037,5
68600,,SUBMISSION,VOLCANIC_ROCK_VOUCHER_10000,SEASHELLS,49,16
68600,,SUBMISSION,VOLCANIC_ROCK_VOUCHER_10000,SEASHELLS,49,1
68600,,SUBMISSION,VOLCANIC_ROCK_VOUCHER_10000,SEASHELLS,49,10
68700,SUBMISSION,,VOLCANIC_ROCK_VOUCHER_10000,SEASHELLS,47,1
68700,SUBMISSION,,VOLCANIC_ROCK_VOUCHER_10000,SEASHELLS,47,12
68900,,SUBMISSION,RAINFOREST_RESIN,SEASHELLS,10002,4
68900,,SUBMISSION,RAINFOREST_RESIN,SEASHELLS,10007,2
68900,SUBMISSION,,VOLCANIC_ROCK_VOUCHER_10000,SEASHELLS,48,20
69100,,SUBMISSION,VOLCANIC_ROCK_VOUCHER_10000,SEASHELLS,50,20
69100,,SUBMISSION,VOLCANIC_ROCK_VOUCHER_10000,SEASHELLS,50,19
69200,SUBMISSION,,RAINFOREST_RESIN,SEASHELLS,9998,4
69400,SUBMISSION,,KELP,SEASHELLS,2037,6
69400,SUBMISSION,,VOLCANIC_ROCK_VOUCHER_10000,SEASHELLS,46,1
69400,SUBMISSION,,VOLCANIC_ROCK_VOUCHER_10000,SEASHELLS,46,18
69500,,SUBMISSION,VOLCANIC_ROCK_VOUCHER_10000,SEASHELLS,46,1
69500,,SUBMISSION,VOLCANIC_ROCK_VOUCHER_10000,SEASHELLS,46,16
69600,SUBMISSION,,KELP,SEASHELLS,2037,1
69600,,SUBMISSION,RAINFOREST_RESIN,SEASHELLS,10003,7
69700,SUBMISSION,,VOLCANIC_ROCK_VOUCHER_10000,SEASHELLS,49,20
69800,SUBMISSION,,VOLCANIC_ROCK_VOUCHER_10000,SEASHELLS,46,2
69800,SUBMISSION,,VOLCANIC_ROCK_VOUCHER_10000,SEASHELLS,46,10
69900,,SUBMISSION,VOLCANIC_ROCK_VOUCHER_10000,SEASHELLS,48,2
69900,,SUBMISSION,VOLCANIC_ROCK_VOUCHER_10000,SEASHELLS,48,11
70000,SUBMISSION,,RAINFOREST_RESIN,SEASHELLS,9998,5
70100,,SUBMISSION,RAINFOREST_RESIN,SEASHELLS,10002,2
70100,,SUBMISSION,KELP,SEASHELLS,2039,1
70100,SUBMISSION,,VOLCANIC_ROCK_VOUCHER_10000,SEASHELLS,44,11
70300,,SUBMISSION,VOLCANIC_ROCK_VOUCHER_10000,SEASHELLS,46,1
70300,,SUBMISSION,VOLCANIC_ROCK_VOUCHER_10000,SEASHELLS,46,11
70500,SUBMISSION,,KELP,SEASHELLS,2038,2
70500,SUBMISSION,,RAINFOREST_RESIN,SEASHELLS,9999,1
70500,,SUBMISSION,KELP,SEASHELLS,2039,13
70600,SUBMISSION,,VOLCANIC_ROCK_VOUCHER_10000,SEASHELLS,48,14
70700,,SUBMISSION,MAGNIFICENT_MACARONS,SEASHELLS,741,6
70800,,SUBMISSION,KELP,SEASHELLS,2039,1
70800,SUBMISSION,,VOLCANIC_ROCK_VOUCHER_10000,SEASHELLS,43,18
70900,SUBMISSION,,VOLCANIC_ROCK_VOUCHER_9500,SEASHELLS,451,18
70900,SUBMISSION,,VOLCANIC_ROCK_VOUCHER_10250,SEASHELLS,4,18
71000,,SUBMISSION,VOLCANIC_ROCK_VOUCHER_10000,SEASHELLS,45,1
71000,,SUBMISSION,VOLCANIC_ROCK_VOUCHER_10000,SEASHELLS,45,20
71000,,SUBMISSION,VOLCANIC_ROCK_VOUCHER_9500,SEASHELLS,450,18
71100,,SUBMISSION,VOLCANIC_ROCK_VOUCHER_10000,SEASHELLS,41,1
71100,,SUBMISSION,VOLCANIC_ROCK_VOUCHER_10000,SEASHELLS,41,14
71100,,SUBMISSION,RAINFOREST_RESIN,SEASHELLS,10003,1
71300,,SUBMISSION,VOLCANIC_ROCK_VOUCHER_10000,SEASHELLS,44,1
71300,,SUBMISSION,VOLCANIC_ROCK_VOUCHER_10000,SEASHELLS,44,20
71400,SUBMISSION,,VOLCANIC_ROCK_VOUCHER_10000,SEASHELLS,43,20
71400,SUBMISSION,,VOLCANIC_ROCK_VOUCHER_10000,SEASHELLS,43,1
71400,SUBMISSION,,RAINFOREST_RESIN,SEASHELLS,9998,5
71500,,SUBMISSION,VOLCANIC_ROCK_VOUCHER_10000,SEASHELLS,46,10
71600,SUBMISSION,,VOLCANIC_ROCK_VOUCHER_10000,SEASHELLS,45,1
71600,SUBMISSION,,VOLCANIC_ROCK_VOUCHER_10000,SEASHELLS,45,19
71800,SUBMISSION,,VOLCANIC_ROCK_VOUCHER_10000,SEASHELLS,45,1
71800,SUBMISSION,,RAINFOREST_RESIN,SEASHELLS,10000,2
71800,SUBMISSION,,VOLCANIC_ROCK_VOUCHER_10000,SEASHELLS,45,16
71900,SUBMISSION,,RAINFOREST_RESIN,SEASHELLS,9993,1
72000,SUBMISSION,,VOLCANIC_ROCK_VOUCHER_10000,SEASHELLS,45,16
72100,,SUBMISSION,RAINFOREST_RESIN,SEASHELLS,10001,1
72200,SUBMISSION,,KELP,SEASHELLS,2037,12
72400,SUBMISSION,,RAINFOREST_RESIN,SEASHELLS,9999,1
72500,,SUBMISSION,RAINFOREST_RESIN,SEASHELLS,10002,4
72600,SUBMISSION,,KELP,SEASHELLS,2038,1
72600,SUBMISSION,,RAINFOREST_RESIN,SEASHELLS,9998,3
72700,,SUBMISSION,KELP,SEASHELLS,2039,1
73100,,SUBMISSION,VOLCANIC_ROCK_VOUCHER_10000,SEASHELLS,47,15
73200,SUBMISSION,,VOLCANIC_ROCK_VOUCHER_10000,SEASHELLS,42,1
73200,SUBMISSION,,RAINFOREST_RESIN,SEASHELLS,9997,7
73200,SUBMISSION,,VOLCANIC_ROCK_VOUCHER_10000,SEASHELLS,42,11
73300,,SUBMISSION,KELP,SEASHELLS,2039,15
73400,,SUBMISSION,KELP,SEASHELLS,2039,1
73500,,SUBMISSION,VOLCANIC_ROCK_VOUCHER_10000,SEASHELLS,45,2
73500,,SUBMISSION,VOLCANIC_ROCK_VOUCHER_10000,SEASHELLS,45,14
73600,SUBMISSION,,VOLCANIC_ROCK_VOUCHER_10000,SEASHELLS,43,1
73600,SUBMISSION,,VOLCANIC_ROCK_VOUCHER_10000,SEASHELLS,43,11
73600,,SUBMISSION,KELP,SEASHELLS,2039,1
73700,,SUBMISSION,VOLCANIC_ROCK_VOUCHER_10000,SEASHELLS,44,20
73700,,SUBMISSION,VOLCANIC_ROCK_VOUCHER_10000,SEASHELLS,44,1
74000,SUBMISSION,,VOLCANIC_ROCK_VOUCHER_10000,SEASHELLS,40,1
74000,SUBMISSION,,RAINFOREST_RESIN,SEASHELLS,9993,1
74000,SUBMISSION,,VOLCANIC_ROCK_VOUCHER_10000,SEASHELLS,40,17
74100,SUBMISSION,,KELP,SEASHELLS,2038,3
74100,SUBMISSION,,KELP,SEASHELLS,2038,2
74100,SUBMISSION,,VOLCANIC_ROCK_VOUCHER_10000,SEASHELLS,41,10
74100,SUBMISSION,,KELP,SEASHELLS,2037,1
74200,,SUBMISSION,VOLCANIC_ROCK_VOUCHER_10000,SEASHELLS,46,2
74200,,SUBMISSION,VOLCANIC_ROCK_VOUCHER_10000,SEASHELLS,46,18
74200,SUBMISSION,,KELP,SEASHELLS,2038,1
74400,SUBMISSION,,KELP,SEASHELLS,2038,4
74400,SUBMISSION,,VOLCANIC_ROCK_VOUCHER_10000,SEASHELLS,42,2
74400,SUBMISSION,,KELP,SEASHELLS,2037,1
74400,SUBMISSION,,VOLCANIC_ROCK_VOUCHER_10000,SEASHELLS,42,12
74500,,SUBMISSION,VOLCANIC_ROCK_VOUCHER_10000,SEASHELLS,43,10
74500,,SUBMISSION,RAINFOREST_RESIN,SEASHELLS,10007,2
74500,,SUBMISSION,VOLCANIC_ROCK_VOUCHER_10000,SEASHELLS,43,2
74600,SUBMISSION,,VOLCANIC_ROCK_VOUCHER_10000,SEASHELLS,40,10
74600,SUBMISSION,,VOLCANIC_ROCK_VOUCHER_10000,SEASHELLS,40,2
74700,SUBMISSION,,VOLCANIC_ROCK_VOUCHER_10000,SEASHELLS,38,6
74700,SUBMISSION,,KELP,SEASHELLS,2037,2
74900,,SUBMISSION,RAINFOREST_RESIN,SEASHELLS,10001,1
75300,,SUBMISSION,VOLCANIC_ROCK_VOUCHER_10000,SEASHELLS,40,2
75300,,SUBMISSION,VOLCANIC_ROCK_VOUCHER_10000,SEASHELLS,40,17
75400,SUBMISSION,,VOLCANIC_ROCK_VOUCHER_10000,SEASHELLS,38,2
75400,SUBMISSION,,VOLCANIC_ROCK_VOUCHER_10000,SEASHELLS,38,16
75900,,SUBMISSION,VOLCANIC_ROCK_VOUCHER_10000,SEASHELLS,39,17
75900,SUBMISSION,,RAINFOREST_RESIN,SEASHELLS,9998,1
76000,,SUBMISSION,VOLCANIC_ROCK_VOUCHER_10000,SEASHELLS,41,14
76000,,SUBMISSION,VOLCANIC_ROCK_VOUCHER_10000,SEASHELLS,41,1
76100,,SUBMISSION,VOLCANIC_ROCK_VOUCHER_10000,SEASHELLS,41,10
76200,,SUBMISSION,VOLCANIC_ROCK_VOUCHER_10000,SEASHELLS,40,2
76200,,SUBMISSION,VOLCANIC_ROCK_VOUCHER_10000,SEASHELLS,40,10
76300,SUBMISSION,,VOLCANIC_ROCK_VOUCHER_10000,SEASHELLS,40,1
76300,,SUBMISSION,RAINFOREST_RESIN,SEASHELLS,10003,8
76300,SUBMISSION,,VOLCANIC_ROCK_VOUCHER_10000,SEASHELLS,40,15
76400,,SUBMISSION,KELP,SEASHELLS,2039,5
76400,,SUBMISSION,KELP,SEASHELLS,2039,3
76700,SUBMISSION,,RAINFOREST_RESIN,SEASHELLS,9993,7
76700,SUBMISSION,,VOLCANIC_ROCK_VOUCHER_10000,SEASHELLS,39,2
76700,,SUBMISSION,KELP,SEASHELLS,2039,10
76700,SUBMISSION,,RAINFOREST_RESIN,SEASHELLS,9997,8
76700,SUBMISSION,,VOLCANIC_ROCK_VOUCHER_10000,SEASHELLS,39,10
76800,SUBMISSION,,VOLCANIC_ROCK_VOUCHER_10000,SEASHELLS,39,13
76800,SUBMISSION,,VOLCANIC_ROCK_VOUCHER_10000,SEASHELLS,39,2
77100,,SUBMISSION,KELP,SEASHELLS,2039,5
77400,,SUBMISSION,KELP,SEASHELLS,2039,1
77500,,SUBMISSION,VOLCANIC_ROCK_VOUCHER_10000,SEASHELLS,43,11
77500,,SUBMISSION,KELP,SEASHELLS,2039,5
77500,,SUBMISSION,VOLCANIC_ROCK_VOUCHER_10000,SEASHELLS,43,1
77600,SUBMISSION,,VOLCANIC_ROCK_VOUCHER_10000,SEASHELLS,38,13
77700,SUBMISSION,,KELP,SEASHELLS,2038,15
77800,SUBMISSION,,KELP,SEASHELLS,2038,1
77900,,SUBMISSION,RAINFOREST_RESIN,SEASHELLS,10001,1
77900,SUBMISSION,,RAINFOREST_RESIN,SEASHELLS,9993,7
78000,,SUBMISSION,VOLCANIC_ROCK_VOUCHER_10000,SEASHELLS,40,1
78000,,SUBMISSION,KELP,SEASHELLS,2039,2
78000,,SUBMISSION,KELP,SEASHELLS,2039,9
78000,,SUBMISSION,VOLCANIC_ROCK_VOUCHER_10000,SEASHELLS,40,20
78100,,SUBMISSION,VOLCANIC_ROCK_VOUCHER_10000,SEASHELLS,40,1
78100,SUBMISSION,,RAINFOREST_RESIN,SEASHELLS,9993,6
78100,SUBMISSION,,RAINFOREST_RESIN,SEASHELLS,9999,1
78100,,SUBMISSION,VOLCANIC_ROCK_VOUCHER_10000,SEASHELLS,40,12
78200,,SUBMISSION,RAINFOREST_RESIN,SEASHELLS,10002,4
78300,SUBMISSION,,VOLCANIC_ROCK_VOUCHER_10000,SEASHELLS,40,14
78300,SUBMISSION,,RAINFOREST_RESIN,SEASHELLS,9993,8
78300,SUBMISSION,,VOLCANIC_ROCK_VOUCHER_10000,SEASHELLS,40,2
78500,,SUBMISSION,VOLCANIC_ROCK_VOUCHER_10000,SEASHELLS,40,19
78500,,SUBMISSION,VOLCANIC_ROCK_VOUCHER_10000,SEASHELLS,40,1
78600,SUBMISSION,,VOLCANIC_ROCK_VOUCHER_10000,SEASHELLS,37,11
78600,SUBMISSION,,VOLCANIC_ROCK_VOUCHER_10000,SEASHELLS,37,2
78700,SUBMISSION,,VOLCANIC_ROCK_VOUCHER_10000,SEASHELLS,38,2
78700,SUBMISSION,,KELP,SEASHELLS,2038,6
78700,SUBMISSION,,VOLCANIC_ROCK_VOUCHER_10000,SEASHELLS,38,10
78800,,SUBMISSION,KELP,SEASHELLS,2039,8
78800,,SUBMISSION,RAINFOREST_RESIN,SEASHELLS,10007,2
79200,SUBMISSION,,VOLCANIC_ROCK_VOUCHER_10000,SEASHELLS,36,14
79200,SUBMISSION,,VOLCANIC_ROCK_VOUCHER_10000,SEASHELLS,36,2
79200,SUBMISSION,,KELP,SEASHELLS,2038,9
79300,,SUBMISSION,KELP,SEASHELLS,2039,1
79400,SUBMISSION,,RAINFOREST_RESIN,SEASHELLS,9993,6
79400,,SUBMISSION,VOLCANIC_ROCK_VOUCHER_10000,SEASHELLS,38,1
79400,,SUBMISSION,MAGNIFICENT_MACARONS,SEASHELLS,709,6
79400,,SUBMISSION,VOLCANIC_ROCK_VOUCHER_10000,SEASHELLS,38,16
79500,,SUBMISSION,VOLCANIC_ROCK_VOUCHER_10000,SEASHELLS,36,13
79500,,SUBMISSION,VOLCANIC_ROCK_VOUCHER_10000,SEASHELLS,36,1
79600,,SUBMISSION,VOLCANIC_ROCK_VOUCHER_10000,SEASHELLS,33,1
79600,,SUBMISSION,VOLCANIC_ROCK_VOUCHER_10000,SEASHELLS,33,14
79600,,SUBMISSION,KELP,SEASHELLS,2039,1
79700,,SUBMISSION,VOLCANIC_ROCK_VOUCHER_10000,SEASHELLS,34,15
79700,SUBMISSION,,RAINFOREST_RESIN,SEASHELLS,9993,1
79700,,SUBMISSION,VOLCANIC_ROCK_VOUCHER_10000,SEASHELLS,34,2
79800,SUBMISSION,,VOLCANIC_ROCK_VOUCHER_10000,SEASHELLS,34,19
79800,SUBMISSION,,VOLCANIC_ROCK_VOUCHER_10000,SEASHELLS,34,2
79900,,SUBMISSION,RAINFOREST_RESIN,SEASHELLS,10007,5
79900,,SUBMISSION,VOLCANIC_ROCK_VOUCHER_10000,SEASHELLS,34,15
79900,,SUBMISSION,VOLCANIC_ROCK_VOUCHER_10000,SEASHELLS,34,2
80000,SUBMISSION,,VOLCANIC_ROCK_VOUCHER_10000,SEASHELLS,34,12
80200,SUBMISSION,,VOLCANIC_ROCK_VOUCHER_10000,SEASHELLS,33,16
80200,SUBMISSION,,VOLCANIC_ROCK_VOUCHER_10000,SEASHELLS,33,1
80400,,SUBMISSION,VOLCANIC_ROCK_VOUCHER_10000,SEASHELLS,36,17
80600,SUBMISSION,,VOLCANIC_ROCK_VOUCHER_10000,SEASHELLS,34,16
80700,,SUBMISSION,RAINFOREST_RESIN,SEASHELLS,10001,1
80700,SUBMISSION,,KELP,SEASHELLS,2037,2
80800,SUBMISSION,,KELP,SEASHELLS,2038,3
80800,SUBMISSION,,KELP,SEASHELLS,2037,1
80900,,SUBMISSION,VOLCANIC_ROCK_VOUCHER_10000,SEASHELLS,36,14
81000,SUBMISSION,,KELP,SEASHELLS,2038,1
81100,,SUBMISSION,VOLCANIC_ROCK_VOUCHER_10000,SEASHELLS,37,13
81200,,SUBMISSION,VOLCANIC_ROCK_VOUCHER_10000,SEASHELLS,34,17
81200,,SUBMISSION,VOLCANIC_ROCK_VOUCHER_10000,SEASHELLS,34,1
81300,,SUBMISSION,KELP,SEASHELLS,2039,3
81500,,SUBMISSION,VOLCANIC_ROCK_VOUCHER_10000,SEASHELLS,35,1
81500,,SUBMISSION,VOLCANIC_ROCK_VOUCHER_10000,SEASHELLS,35,14
81600,,SUBMISSION,VOLCANIC_ROCK_VOUCHER_10000,SEASHELLS,34,1
81600,,SUBMISSION,VOLCANIC_ROCK_VOUCHER_10000,SEASHELLS,34,11
81700,SUBMISSION,,KELP,SEASHELLS,2037,5
81700,,SUBMISSION,VOLCANIC_ROCK_VOUCHER_10000,SEASHELLS,35,12
81800,,SUBMISSION,RAINFOREST_RESIN,SEASHELLS,10003,8
81900,,SUBMISSION,VOLCANIC_ROCK_VOUCHER_10000,SEASHELLS,36,20
81900,SUBMISSION,,KELP,SEASHELLS,2038,7
82000,,SUBMISSION,VOLCANIC_ROCK_VOUCHER_10000,SEASHELLS,32,17
82000,SUBMISSION,,RAINFOREST_RESIN,SEASHELLS,9998,5
82000,,SUBMISSION,VOLCANIC_ROCK_VOUCHER_10000,SEASHELLS,32,14
82000,,SUBMISSION,VOLCANIC_ROCK_VOUCHER_10000,SEASHELLS,32,1
82100,SUBMISSION,,RAINFOREST_RESIN,SEASHELLS,9998,3
82200,,SUBMISSION,VOLCANIC_ROCK_VOUCHER_10000,SEASHELLS,31,2
82200,,SUBMISSION,VOLCANIC_ROCK_VOUCHER_10000,SEASHELLS,31,19
82300,,SUBMISSION,VOLCANIC_ROCK_VOUCHER_10000,SEASHELLS,32,4
82400,SUBMISSION,,RAINFOREST_RESIN,SEASHELLS,9999,1
82600,,SUBMISSION,KELP,SEASHELLS,2039,11
82700,SUBMISSION,,VOLCANIC_ROCK_VOUCHER_10000,SEASHELLS,32,14
82800,,SUBMISSION,VOLCANIC_ROCK_VOUCHER_10000,SEASHELLS,35,13
82800,,SUBMISSION,VOLCANIC_ROCK_VOUCHER_10000,SEASHELLS,35,1
82800,,SUBMISSION,RAINFOREST_RESIN,SEASHELLS,10007,1
83000,SUBMISSION,,VOLCANIC_ROCK_VOUCHER_10000,SEASHELLS,32,1
83000,SUBMISSION,,VOLCANIC_ROCK_VOUCHER_10000,SEASHELLS,32,18
83100,,SUBMISSION,VOLCANIC_ROCK_VOUCHER_10000,SEASHELLS,36,2
83100,,SUBMISSION,KELP,SEASHELLS,2038,1
83100,,SUBMISSION,VOLCANIC_ROCK_VOUCHER_10000,SEASHELLS,36,13
83200,,SUBMISSION,VOLCANIC_ROCK_VOUCHER_10000,SEASHELLS,36,4
83300,,SUBMISSION,RAINFOREST_RESIN,SEASHELLS,10003,10
83300,,SUBMISSION,RAINFOREST_RESIN,SEASHELLS,10007,7
83400,SUBMISSION,,RAINFOREST_RESIN,SEASHELLS,9999,1
83500,SUBMISSION,,RAINFOREST_RESIN,SEASHELLS,9998,5
83600,SUBMISSION,,RAINFOREST_RESIN,SEASHELLS,9999,1
83800,SUBMISSION,,RAINFOREST_RESIN,SEASHELLS,9999,1
83900,SUBMISSION,,RAINFOREST_RESIN,SEASHELLS,9998,7
84000,,SUBMISSION,KELP,SEASHELLS,2038,6
84100,SUBMISSION,,VOLCANIC_ROCK_VOUCHER_10000,SEASHELLS,32,15
84100,,SUBMISSION,RAINFOREST_RESIN,SEASHELLS,10002,3
84100,,SUBMISSION,KELP,SEASHELLS,2038,1
84200,,SUBMISSION,RAINFOREST_RESIN,SEASHELLS,10007,1
84200,,SUBMISSION,VOLCANIC_ROCK_VOUCHER_10000,SEASHELLS,34,15
84500,SUBMISSION,,RAINFOREST_RESIN,SEASHELLS,9999,1
84600,,SUBMISSION,KELP,SEASHELLS,2039,2
84600,SUBMISSION,,VOLCANIC_ROCK_VOUCHER_10000,SEASHELLS,34,16
84700,SUBMISSION,,KELP,SEASHELLS,2038,1
84800,SUBMISSION,,RAINFOREST_RESIN,SEASHELLS,9993,6
84900,,SUBMISSION,KELP,SEASHELLS,2039,1
84900,,SUBMISSION,VOLCANIC_ROCK_VOUCHER_10000,SEASHELLS,31,16
85100,,SUBMISSION,MAGNIFICENT_MACARONS,SEASHELLS,723,9
85300,,SUBMISSION,KELP,SEASHELLS,2039,1
85500,,SUBMISSION,RAINFOREST_RESIN,SEASHELLS,10000,3
85900,,SUBMISSION,RAINFOREST_RESIN,SEASHELLS,10001,1
86100,SUBMISSION,,VOLCANIC_ROCK_VOUCHER_10000,SEASHELLS,33,17
86200,,SUBMISSION,RAINFOREST_RESIN,SEASHELLS,10007,2
86300,SUBMISSION,,KELP,SEASHELLS,2038,1
86300,,SUBMISSION,VOLCANIC_ROCK_VOUCHER_10000,SEASHELLS,35,1
86300,,SUBMISSION,VOLCANIC_ROCK_VOUCHER_10000,SEASHELLS,35,13
86400,,SUBMISSION,VOLCANIC_ROCK_VOUCHER_10000,SEASHELLS,35,3
86400,,SUBMISSION,RAINFOREST_RESIN,SEASHELLS,10001,1
86500,SUBMISSION,,RAINFOREST_RESIN,SEASHELLS,9999,1
87000,SUBMISSION,,VOLCANIC_ROCK_VOUCHER_10000,SEASHELLS,31,17
87000,SUBMISSION,,VOLCANIC_ROCK_VOUCHER_10000,SEASHELLS,31,2
87100,,SUBMISSION,RAINFOREST_RESIN,SEASHELLS,10001,1
87100,,SUBMISSION,MAGNIFICENT_MACARONS,SEASHELLS,727,4
87200,SUBMISSION,,VOLCANIC_ROCK_VOUCHER_10000,SEASHELLS,29,20
87300,,SUBMISSION,VOLCANIC_ROCK_VOUCHER_10000,SEASHELLS,35,13
87300,SUBMISSION,,RAINFOREST_RESIN,SEASHELLS,9999,1
87400,,SUBMISSION,VOLCANIC_ROCK_VOUCHER_10000,SEASHELLS,35,15
87500,SUBMISSION,,RAINFOREST_RESIN,SEASHELLS,9998,4
87500,,SUBMISSION,KELP,SEASHELLS,2038,1
87600,SUBMISSION,,VOLCANIC_ROCK_VOUCHER_10000,SEASHELLS,29,16
87700,SUBMISSION,,RAINFOREST_RESIN,SEASHELLS,9993,1
87700,SUBMISSION,,RAINFOREST_RESIN,SEASHELLS,9999,1
87800,,SUBMISSION,KELP,SEASHELLS,2038,10
87900,,SUBMISSION,RAINFOREST_RESIN,SEASHELLS,10002,4
88000,,SUBMISSION,VOLCANIC_ROCK_VOUCHER_10000,SEASHELLS,32,1
88000,,SUBMISSION,VOLCANIC_ROCK_VOUCHER_10000,SEASHELLS,32,10
88100,,SUBMISSION,VOLCANIC_ROCK_VOUCHER_10000,SEASHELLS,32,2
88100,,SUBMISSION,VOLCANIC_ROCK_VOUCHER_10000,SEASHELLS,32,12
88100,,SUBMISSION,RAINFOREST_RESIN,SEASHELLS,10002,5
88200,SUBMISSION,,VOLCANIC_ROCK_VOUCHER_10000,SEASHELLS,32,17
88300,SUBMISSION,,KELP,SEASHELLS,2037,2
88300,,SUBMISSION,VOLCANIC_ROCK_VOUCHER_10000,SEASHELLS,34,1
88300,,SUBMISSION,VOLCANIC_ROCK_VOUCHER_10000,SEASHELLS,34,13
88400,SUBMISSION,,VOLCANIC_ROCK_VOUCHER_10000,SEASHELLS,31,16
88500,SUBMISSION,,VOLCANIC_ROCK_VOUCHER_10000,SEASHELLS,30,1
88500,SUBMISSION,,VOLCANIC_ROCK_VOUCHER_10000,SEASHELLS,30,15
88600,,SUBMISSION,RAINFOREST_RESIN,SEASHELLS,10002,5
88700,SUBMISSION,,RAINFOREST_RESIN,SEASHELLS,9998,5
88800,,SUBMISSION,VOLCANIC_ROCK_VOUCHER_10000,SEASHELLS,32,2
88800,,SUBMISSION,VOLCANIC_ROCK_VOUCHER_10000,SEASHELLS,32,20
88800,SUBMISSION,,RAINFOREST_RESIN,SEASHELLS,9999,1
89000,,SUBMISSION,VOLCANIC_ROCK_VOUCHER_10000,SEASHELLS,33,15
89300,,SUBMISSION,KELP,SEASHELLS,2038,1
89300,SUBMISSION,,RAINFOREST_RESIN,SEASHELLS,9998,5
89500,SUBMISSION,,VOLCANIC_ROCK_VOUCHER_10000,SEASHELLS,32,13
89500,,SUBMISSION,KELP,SEASHELLS,2038,2
89600,,SUBMISSION,KELP,SEASHELLS,2038,1
89700,SUBMISSION,,VOLCANIC_ROCK_VOUCHER_10000,SEASHELLS,32,2
89700,,SUBMISSION,KELP,SEASHELLS,2038,9
89700,SUBMISSION,,VOLCANIC_ROCK_VOUCHER_10000,SEASHELLS,32,19
89800,,SUBMISSION,VOLCANIC_ROCK_VOUCHER_10000,SEASHELLS,33,2
89800,,SUBMISSION,VOLCANIC_ROCK_VOUCHER_10000,SEASHELLS,33,19
89900,SUBMISSION,,VOLCANIC_ROCK_VOUCHER_10000,SEASHELLS,32,1
89900,SUBMISSION,,VOLCANIC_ROCK_VOUCHER_10000,SEASHELLS,32,17
90000,,SUBMISSION,VOLCANIC_ROCK_VOUCHER_10000,SEASHELLS,34,12
90000,,SUBMISSION,VOLCANIC_ROCK_VOUCHER_10000,SEASHELLS,34,2
90100,,SUBMISSION,VOLCANIC_ROCK_VOUCHER_10000,SEASHELLS,35,15
90100,,SUBMISSION,VOLCANIC_ROCK_VOUCHER_10000,SEASHELLS,35,2
90100,SUBMISSION,,RAINFOREST_RESIN,SEASHELLS,9993,5
90100,,SUBMISSION,RAINFOREST_RESIN,SEASHELLS,10000,5
90500,,SUBMISSION,RAINFOREST_RESIN,SEASHELLS,10003,6
90800,SUBMISSION,,RAINFOREST_RESIN,SEASHELLS,9999,1
91000,SUBMISSION,,RAINFOREST_RESIN,SEASHELLS,9999,1
91100,SUBMISSION,,RAINFOREST_RESIN,SEASHELLS,9998,4
91300,SUBMISSION,,RAINFOREST_RESIN,SEASHELLS,9997,6
91400,SUBMISSION,,KELP,SEASHELLS,2036,4
91400,SUBMISSION,,KELP,SEASHELLS,2035,6
91600,SUBMISSION,,RAINFOREST_RESIN,SEASHELLS,9997,12
91700,,SUBMISSION,MAGNIFICENT_MACARONS,SEASHELLS,740,5
91700,,SUBMISSION,RAINFOREST_RESIN,SEASHELLS,10000,5
91900,SUBMISSION,,KELP,SEASHELLS,2036,1
92100,,SUBMISSION,RAINFOREST_RESIN,SEASHELLS,10003,11
92300,,SUBMISSION,KELP,SEASHELLS,2037,8
92400,,SUBMISSION,MAGNIFICENT_MACARONS,SEASHELLS,735,5
92600,SUBMISSION,,RAINFOREST_RESIN,SEASHELLS,9998,3
92600,SUBMISSION,,KELP,SEASHELLS,2035,13
92600,SUBMISSION,,KELP,SEASHELLS,2035,5
92800,,SUBMISSION,KELP,SEASHELLS,2036,1
93000,SUBMISSION,,RAINFOREST_RESIN,SEASHELLS,9998,5
93100,SUBMISSION,,KELP,SEASHELLS,2035,7
93100,SUBMISSION,,VOLCANIC_ROCK_VOUCHER_10000,SEASHELLS,31,2
93100,SUBMISSION,,VOLCANIC_ROCK_VOUCHER_10000,SEASHELLS,31,14
93200,SUBMISSION,,KELP,SEASHELLS,2035,3
93300,,SUBMISSION,KELP,SEASHELLS,2036,1
93300,,SUBMISSION,MAGNIFICENT_MACARONS,SEASHELLS,725,5
93500,,SUBMISSION,VOLCANIC_ROCK_VOUCHER_10000,SEASHELLS,32,14
93500,,SUBMISSION,VOLCANIC_ROCK_VOUCHER_10000,SEASHELLS,32,1
93700,,SUBMISSION,KELP,SEASHELLS,2036,15
93700,SUBMISSION,,KELP,SEASHELLS,2034,1
93700,SUBMISSION,,RAINFOREST_RESIN,SEASHELLS,9997,10
93900,SUBMISSION,,VOLCANIC_ROCK_VOUCHER_10000,SEASHELLS,29,11
93900,SUBMISSION,,VOLCANIC_ROCK_VOUCHER_10000,SEASHELLS,29,1
94000,,SUBMISSION,VOLCANIC_ROCK_VOUCHER_10000,SEASHELLS,35,13
94200,,SUBMISSION,RAINFOREST_RESIN,SEASHELLS,10007,6
94400,SUBMISSION,,KELP,SEASHELLS,2035,2
94600,,SUBMISSION,RAINFOREST_RESIN,SEASHELLS,10002,5
94700,SUBMISSION,,RAINFOREST_RESIN,SEASHELLS,9999,1
94700,SUBMISSION,,KELP,SEASHELLS,2035,8
94900,,SUBMISSION,KELP,SEASHELLS,2036,5
94900,SUBMISSION,,VOLCANIC_ROCK_VOUCHER_10000,SEASHELLS,35,12
95000,,SUBMISSION,VOLCANIC_ROCK_VOUCHER_10000,SEASHELLS,37,12
95100,SUBMISSION,,VOLCANIC_ROCK_VOUCHER_10000,SEASHELLS,33,20
95100,SUBMISSION,,KELP,SEASHELLS,2035,8
95200,,SUBMISSION,VOLCANIC_ROCK_VOUCHER_10000,SEASHELLS,32,10
95300,,SUBMISSION,VOLCANIC_ROCK_VOUCHER_10000,SEASHELLS,37,10
95400,SUBMISSION,,KELP,SEASHELLS,2034,1
95800,SUBMISSION,,VOLCANIC_ROCK_VOUCHER_10000,SEASHELLS,34,20
95800,SUBMISSION,,VOLCANIC_ROCK_VOUCHER_10000,SEASHELLS,34,2
95900,,SUBMISSION,VOLCANIC_ROCK_VOUCHER_10000,SEASHELLS,34,1
95900,,SUBMISSION,VOLCANIC_ROCK_VOUCHER_10000,SEASHELLS,34,16
96000,,SUBMISSION,RAINFOREST_RESIN,SEASHELLS,10002,3
96000,SUBMISSION,,KELP,SEASHELLS,2034,2
96100,SUBMISSION,,VOLCANIC_ROCK_VOUCHER_10000,SEASHELLS,34,2
96100,,SUBMISSION,KELP,SEASHELLS,2034,1
96100,SUBMISSION,,VOLCANIC_ROCK_VOUCHER_10000,SEASHELLS,34,11
96400,,SUBMISSION,VOLCANIC_ROCK_VOUCHER_10000,SEASHELLS,35,1
96400,,SUBMISSION,VOLCANIC_ROCK_VOUCHER_10000,SEASHELLS,35,13
96600,,SUBMISSION,RAINFOREST_RESIN,SEASHELLS,10001,1
96700,SUBMISSION,,RAINFOREST_RESIN,SEASHELLS,9999,1
96800,SUBMISSION,,RAINFOREST_RESIN,SEASHELLS,9997,8
96900,,SUBMISSION,VOLCANIC_ROCK_VOUCHER_10000,SEASHELLS,35,4
97100,,SUBMISSION,RAINFOREST_RESIN,SEASHELLS,10001,1
97200,,SUBMISSION,KELP,SEASHELLS,2035,3
97400,SUBMISSION,,KELP,SEASHELLS,2034,2
97400,,SUBMISSION,RAINFOREST_RESIN,SEASHELLS,10001,1
97500,,SUBMISSION,RAINFOREST_RESIN,SEASHELLS,10003,8
97700,,SUBMISSION,KELP,SEASHELLS,2035,1
97800,,SUBMISSION,MAGNIFICENT_MACARONS,SEASHELLS,704,6
97800,SUBMISSION,,KELP,SEASHELLS,2035,7
97900,,SUBMISSION,RAINFOREST_RESIN,SEASHELLS,10007,4
98000,SUBMISSION,,VOLCANIC_ROCK_VOUCHER_10000,SEASHELLS,28,1
98000,SUBMISSION,,VOLCANIC_ROCK_VOUCHER_10000,SEASHELLS,28,16
98100,,SUBMISSION,VOLCANIC_ROCK_VOUCHER_10000,SEASHELLS,31,14
98100,,SUBMISSION,VOLCANIC_ROCK_VOUCHER_10000,SEASHELLS,31,2
98200,SUBMISSION,,VOLCANIC_ROCK_VOUCHER_10000,SEASHELLS,31,11
98200,SUBMISSION,,VOLCANIC_ROCK_VOUCHER_10000,SEASHELLS,31,1
98200,SUBMISSION,,RAINFOREST_RESIN,SEASHELLS,9999,1
98400,SUBMISSION,,KELP,SEASHELLS,2033,12
98500,SUBMISSION,,VOLCANIC_ROCK_VOUCHER_10000,SEASHELLS,30,1
98500,SUBMISSION,,VOLCANIC_ROCK_VOUCHER_10000,SEASHELLS,30,16
98700,,SUBMISSION,VOLCANIC_ROCK_VOUCHER_10000,SEASHELLS,33,16
98800,,SUBMISSION,VOLCANIC_ROCK_VOUCHER_10000,SEASHELLS,32,14
98800,,SUBMISSION,RAINFOREST_RESIN,SEASHELLS,10001,1
98800,,SUBMISSION,RAINFOREST_RESIN,SEASHELLS,10002,1
98900,SUBMISSION,,VOLCANIC_ROCK_VOUCHER_10000,SEASHELLS,30,11
98900,,SUBMISSION,RAINFOREST_RESIN,SEASHELLS,10007,5
99000,,SUBMISSION,KELP,SEASHELLS,2034,4
99100,,SUBMISSION,VOLCANIC_ROCK_VOUCHER_10000,SEASHELLS,36,11
99300,,SUBMISSION,KELP,SEASHELLS,2034,2
99500,SUBMISSION,,RAINFOREST_RESIN,SEASHELLS,9998,3
99700,SUBMISSION,,VOLCANIC_ROCK_VOUCHER_10000,SEASHELLS,31,16
99700,SUBMISSION,,VOLCANIC_ROCK_VOUCHER_10000,SEASHELLS,31,1
99800,,SUBMISSION,VOLCANIC_ROCK_VOUCHER_10000,SEASHELLS,32,14
99800,,SUBMISSION,VOLCANIC_ROCK_VOUCHER_10000,SEASHELLS,32,2
99900,,SUBMISSION,RAINFOREST_RESIN,SEASHELLS,10007,4
100000,SUBMISSION,,VOLCANIC_ROCK_VOUCHER_10000,SEASHELLS,29,2
100000,,SUBMISSION,RAINFOREST_RESIN,SEASHELLS,10007,2
100000,SUBMISSION,,VOLCANIC_ROCK_VOUCHER_10000,SEASHELLS,29,15
100100,,SUBMISSION,VOLCANIC_ROCK_VOUCHER_10000,SEASHELLS,34,2
100100,,SUBMISSION,VOLCANIC_ROCK_VOUCHER_10000,SEASHELLS,34,14
100200,,SUBMISSION,VOLCANIC_ROCK_VOUCHER_10000,SEASHELLS,31,2
100200,SUBMISSION,,RAINFOREST_RESIN,SEASHELLS,9998,5
100600,SUBMISSION,,KELP,SEASHELLS,2033,11
100700,SUBMISSION,,RAINFOREST_RESIN,SEASHELLS,9999,1
100800,SUBMISSION,,RAINFOREST_RESIN,SEASHELLS,9993,1
100800,SUBMISSION,,VOLCANIC_ROCK_VOUCHER_10000,SEASHELLS,31,10
100800,SUBMISSION,,VOLCANIC_ROCK_VOUCHER_10000,SEASHELLS,31,1
100800,,SUBMISSION,RAINFOREST_RESIN,SEASHELLS,10003,12
100900,SUBMISSION,,VOLCANIC_ROCK_VOUCHER_10000,SEASHELLS,28,16
101300,,SUBMISSION,KELP,SEASHELLS,2034,1
101500,,SUBMISSION,VOLCANIC_ROCK_VOUCHER_10000,SEASHELLS,30,18
101500,,SUBMISSION,KELP,SEASHELLS,2034,1
101500,SUBMISSION,,KELP,SEASHELLS,2033,4
101500,,SUBMISSION,VOLCANIC_ROCK_VOUCHER_10000,SEASHELLS,30,2
101600,,SUBMISSION,VOLCANIC_ROCK_VOUCHER_10000,SEASHELLS,35,7
101700,SUBMISSION,,VOLCANIC_ROCK_VOUCHER_10000,SEASHELLS,27,16
101700,SUBMISSION,,VOLCANIC_ROCK_VOUCHER_10000,SEASHELLS,27,1
101800,,SUBMISSION,VOLCANIC_ROCK_VOUCHER_10000,SEASHELLS,32,17
101900,,SUBMISSION,RAINFOREST_RESIN,SEASHELLS,10003,12
102000,SUBMISSION,,RAINFOREST_RESIN,SEASHELLS,9998,3
102000,,SUBMISSION,KELP,SEASHELLS,2034,1
102000,,SUBMISSION,RAINFOREST_RESIN,SEASHELLS,10002,5
102100,,SUBMISSION,KELP,SEASHELLS,2033,2
102100,SUBMISSION,,RAINFOREST_RESIN,SEASHELLS,9999,1
102100,SUBMISSION,,KELP,SEASHELLS,2032,10
102400,SUBMISSION,,KELP,SEASHELLS,2032,5
102500,SUBMISSION,,KELP,SEASHELLS,2032,14
102800,SUBMISSION,,RAINFOREST_RESIN,SEASHELLS,9993,2
102900,SUBMISSION,,VOLCANIC_ROCK_VOUCHER_10000,SEASHELLS,31,1
102900,SUBMISSION,,VOLCANIC_ROCK_VOUCHER_10000,SEASHELLS,31,11
103000,,SUBMISSION,RAINFOREST_RESIN,SEASHELLS,10007,2
103000,SUBMISSION,,KELP,SEASHELLS,2031,6
103100,,SUBMISSION,VOLCANIC_ROCK_VOUCHER_10000,SEASHELLS,32,12
103300,SUBMISSION,,VOLCANIC_ROCK_VOUCHER_9500,SEASHELLS,423,2
103400,,SUBMISSION,MAGNIFICENT_MACARONS,SEASHELLS,731,3
103500,SUBMISSION,,RAINFOREST_RESIN,SEASHELLS,9998,4
103900,,SUBMISSION,RAINFOREST_RESIN,SEASHELLS,10001,1
103900,SUBMISSION,,VOLCANIC_ROCK_VOUCHER_10000,SEASHELLS,32,1
103900,SUBMISSION,,VOLCANIC_ROCK_VOUCHER_10000,SEASHELLS,32,11
104000,,SUBMISSION,KELP,SEASHELLS,2034,1
104100,,SUBMISSION,RAINFOREST_RESIN,SEASHELLS,10001,1
104100,,SUBMISSION,VOLCANIC_ROCK_VOUCHER_10000,SEASHELLS,33,12
104400,,SUBMISSION,RAINFOREST_RESIN,SEASHELLS,10001,1
104500,,SUBMISSION,KELP,SEASHELLS,2034,2
104900,,SUBMISSION,MAGNIFICENT_MACARONS,SEASHELLS,733,10
104900,SUBMISSION,,VOLCANIC_ROCK_VOUCHER_10000,SEASHELLS,31,19
104900,,SUBMISSION,KELP,SEASHELLS,2033,1
105000,SUBMISSION,,VOLCANIC_ROCK_VOUCHER_10000,SEASHELLS,28,13
105000,SUBMISSION,,VOLCANIC_ROCK_VOUCHER_10000,SEASHELLS,28,2
105100,,SUBMISSION,VOLCANIC_ROCK_VOUCHER_10000,SEASHELLS,31,20
105200,,SUBMISSION,KELP,SEASHELLS,2034,1
105200,SUBMISSION,,VOLCANIC_ROCK_VOUCHER_10000,SEASHELLS,31,2
105200,SUBMISSION,,VOLCANIC_ROCK_VOUCHER_10000,SEASHELLS,31,15
105400,,SUBMISSION,RAINFOREST_RESIN,SEASHELLS,10002,2
105400,SUBMISSION,,RAINFOREST_RESIN,SEASHELLS,9998,4
105500,,SUBMISSION,VOLCANIC_ROCK_VOUCHER_10000,SEASHELLS,32,11
105500,,SUBMISSION,KELP,SEASHELLS,2034,1
105500,SUBMISSION,,RAINFOREST_RESIN,SEASHELLS,9993,1
105500,,SUBMISSION,VOLCANIC_ROCK_VOUCHER_10000,SEASHELLS,32,1
105500,SUBMISSION,,RAINFOREST_RESIN,SEASHELLS,9998,3
105600,,SUBMISSION,VOLCANIC_ROCK_VOUCHER_10000,SEASHELLS,34,19
105600,,SUBMISSION,KELP,SEASHELLS,2034,1
105700,SUBMISSION,,VOLCANIC_ROCK_VOUCHER_10000,SEASHELLS,29,1
105700,SUBMISSION,,VOLCANIC_ROCK_VOUCHER_10000,SEASHELLS,29,17
105800,SUBMISSION,,VOLCANIC_ROCK_VOUCHER_10000,SEASHELLS,30,11
105800,SUBMISSION,,VOLCANIC_ROCK_VOUCHER_10000,SEASHELLS,30,2
105800,,SUBMISSION,RAINFOREST_RESIN,SEASHELLS,10002,4
105900,,SUBMISSION,VOLCANIC_ROCK_VOUCHER_10000,SEASHELLS,32,14
106000,,SUBMISSION,VOLCANIC_ROCK_VOUCHER_10000,SEASHELLS,33,13
106100,,SUBMISSION,MAGNIFICENT_MACARONS,SEASHELLS,730,3
106100,SUBMISSION,,VOLCANIC_ROCK_VOUCHER_10000,SEASHELLS,30,17
106200,SUBMISSION,,RAINFOREST_RESIN,SEASHELLS,9999,1
106200,,SUBMISSION,KELP,SEASHELLS,2034,9
106300,,SUBMISSION,KELP,SEASHELLS,2034,1
106300,SUBMISSION,,RAINFOREST_RESIN,SEASHELLS,9993,1
106500,SUBMISSION,,KELP,SEASHELLS,2033,2
106600,,SUBMISSION,VOLCANIC_ROCK_VOUCHER_10000,SEASHELLS,31,12
106700,,SUBMISSION,VOLCANIC_ROCK_VOUCHER_10000,SEASHELLS,35,9
106800,SUBMISSION,,RAINFOREST_RESIN,SEASHELLS,9998,3
106800,,SUBMISSION,KELP,SEASHELLS,2034,1
106900,SUBMISSION,,RAINFOREST_RESIN,SEASHELLS,9993,7
106900,,SUBMISSION,RAINFOREST_RESIN,SEASHELLS,10002,3
107000,SUBMISSION,,RAINFOREST_RESIN,SEASHELLS,9998,3
107100,,SUBMISSION,RAINFOREST_RESIN,SEASHELLS,10001,1
107100,,SUBMISSION,KELP,SEASHELLS,2034,3
107200,SUBMISSION,,KELP,SEASHELLS,2032,9
107200,,SUBMISSION,VOLCANIC_ROCK_VOUCHER_9500,SEASHELLS,417,2
107400,SUBMISSION,,KELP,SEASHELLS,2032,8
107700,SUBMISSION,,VOLCANIC_ROCK_VOUCHER_10000,SEASHELLS,30,16
107700,SUBMISSION,,VOLCANIC_ROCK_VOUCHER_10000,SEASHELLS,30,1
107800,,SUBMISSION,VOLCANIC_ROCK_VOUCHER_10000,SEASHELLS,32,2
107800,,SUBMISSION,VOLCANIC_ROCK_VOUCHER_10000,SEASHELLS,32,11
107800,,SUBMISSION,RAINFOREST_RESIN,SEASHELLS,10007,5
107900,,SUBMISSION,RAINFOREST_RESIN,SEASHELLS,10002,5
107900,,SUBMISSION,VOLCANIC_ROCK_VOUCHER_10000,SEASHELLS,32,4
108000,SUBMISSION,,KELP,SEASHELLS,2032,2
108100,SUBMISSION,,KELP,SEASHELLS,2032,2
108400,,SUBMISSION,KELP,SEASHELLS,2034,12
108500,,SUBMISSION,KELP,SEASHELLS,2034,7
108600,SUBMISSION,,RAINFOREST_RESIN,SEASHELLS,9993,6
108700,SUBMISSION,,VOLCANIC_ROCK_VOUCHER_10000,SEASHELLS,31,1
108700,SUBMISSION,,VOLCANIC_ROCK_VOUCHER_10000,SEASHELLS,31,17
108800,,SUBMISSION,VOLCANIC_ROCK_VOUCHER_10000,SEASHELLS,33,18
109000,SUBMISSION,,VOLCANIC_ROCK_VOUCHER_10000,SEASHELLS,31,14
109000,SUBMISSION,,VOLCANIC_ROCK_VOUCHER_10000,SEASHELLS,31,2
109200,SUBMISSION,,VOLCANIC_ROCK_VOUCHER_10000,SEASHELLS,30,1
109200,SUBMISSION,,VOLCANIC_ROCK_VOUCHER_10000,SEASHELLS,30,13
109300,SUBMISSION,,VOLCANIC_ROCK_VOUCHER_10000,SEASHELLS,30,15
109400,SUBMISSION,,RAINFOREST_RESIN,SEASHELLS,9993,1
109400,SUBMISSION,,RAINFOREST_RESIN,SEASHELLS,9999,1
109500,,SUBMISSION,VOLCANIC_ROCK_VOUCHER_10000,SEASHELLS,32,19
109600,,SUBMISSION,VOLCANIC_ROCK_VOUCHER_10000,SEASHELLS,38,13
109600,,SUBMISSION,RAINFOREST_RESIN,SEASHELLS,10000,4
109700,SUBMISSION,,KELP,SEASHELLS,2033,2
109700,SUBMISSION,,RAINFOREST_RESIN,SEASHELLS,9998,4
110000,SUBMISSION,,KELP,SEASHELLS,2033,2
110000,SUBMISSION,,VOLCANIC_ROCK_VOUCHER_10000,SEASHELLS,30,18
110000,SUBMISSION,,VOLCANIC_ROCK_VOUCHER_10000,SEASHELLS,30,1
110100,,SUBMISSION,KELP,SEASHELLS,2034,2
110100,,SUBMISSION,VOLCANIC_ROCK_VOUCHER_10000,SEASHELLS,31,19
110200,,SUBMISSION,MAGNIFICENT_MACARONS,SEASHELLS,698,10
110400,,SUBMISSION,KELP,SEASHELLS,2034,1
110600,SUBMISSION,,VOLCANIC_ROCK_VOUCHER_10000,SEASHELLS,29,19
110600,SUBMISSION,,VOLCANIC_ROCK_VOUCHER_10000,SEASHELLS,29,2
110700,SUBMISSION,,VOLCANIC_ROCK_VOUCHER_10000,SEASHELLS,27,1
110700,SUBMISSION,,VOLCANIC_ROCK_VOUCHER_10000,SEASHELLS,27,11
110800,,SUBMISSION,RAINFOREST_RESIN,SEASHELLS,10007,1
110900,,SUBMISSION,KELP,SEASHELLS,2034,2
111000,SUBMISSION,,VOLCANIC_ROCK_VOUCHER_10000,SEASHELLS,32,2
111000,SUBMISSION,,VOLCANIC_ROCK_VOUCHER_10000,SEASHELLS,32,13
111000,,SUBMISSION,RAINFOREST_RESIN,SEASHELLS,10003,9
111100,SUBMISSION,,KELP,SEASHELLS,2033,3
111400,,SUBMISSION,VOLCANIC_ROCK_VOUCHER_10000,SEASHELLS,29,10
111400,,SUBMISSION,VOLCANIC_ROCK_VOUCHER_10000,SEASHELLS,29,2
111500,SUBMISSION,,VOLCANIC_ROCK_VOUCHER_10000,SEASHELLS,24,13
111500,SUBMISSION,,VOLCANIC_ROCK_VOUCHER_10000,SEASHELLS,24,2
111600,SUBMISSION,,VOLCANIC_ROCK_VOUCHER_10000,SEASHELLS,27,14
111600,SUBMISSION,,VOLCANIC_ROCK_VOUCHER_10000,SEASHELLS,27,1
111700,SUBMISSION,,VOLCANIC_ROCK_VOUCHER_10000,SEASHELLS,26,1
111700,SUBMISSION,,VOLCANIC_ROCK_VOUCHER_10000,SEASHELLS,26,12
111800,SUBMISSION,,KELP,SEASHELLS,2033,7
111900,SUBMISSION,,VOLCANIC_ROCK_VOUCHER_10000,SEASHELLS,24,11
111900,SUBMISSION,,VOLCANIC_ROCK_VOUCHER_10000,SEASHELLS,24,2
112000,,SUBMISSION,KELP,SEASHELLS,2034,10
112400,SUBMISSION,,KELP,SEASHELLS,2033,15
112400,SUBMISSION,,VOLCANIC_ROCK_VOUCHER_10000,SEASHELLS,25,1
112400,SUBMISSION,,VOLCANIC_ROCK_VOUCHER_10000,SEASHELLS,25,20
112500,,SUBMISSION,VOLCANIC_ROCK_VOUCHER_10000,SEASHELLS,27,1
112500,,SUBMISSION,VOLCANIC_ROCK_VOUCHER_10000,SEASHELLS,27,15
112600,,SUBMISSION,VOLCANIC_ROCK_VOUCHER_10000,SEASHELLS,27,15
112700,SUBMISSION,,RAINFOREST_RESIN,SEASHELLS,9993,1
112700,,SUBMISSION,KELP,SEASHELLS,2035,2
112700,SUBMISSION,,VOLCANIC_ROCK_VOUCHER_10000,SEASHELLS,24,20
112800,,SUBMISSION,VOLCANIC_ROCK_VOUCHER_10000,SEASHELLS,27,10
112800,SUBMISSION,,RAINFOREST_RESIN,SEASHELLS,9998,9
112800,,SUBMISSION,VOLCANIC_ROCK_VOUCHER_10000,SEASHELLS,27,20
112900,,SUBMISSION,VOLCANIC_ROCK_VOUCHER_10000,SEASHELLS,26,19
112900,,SUBMISSION,VOLCANIC_ROCK_VOUCHER_10000,SEASHELLS,26,2
113000,SUBMISSION,,VOLCANIC_ROCK_VOUCHER_10000,SEASHELLS,27,2
113000,SUBMISSION,,VOLCANIC_ROCK_VOUCHER_10000,SEASHELLS,27,16
113100,SUBMISSION,,KELP,SEASHELLS,2033,11
113200,SUBMISSION,,VOLCANIC_ROCK_VOUCHER_10000,SEASHELLS,24,16
113300,SUBMISSION,,VOLCANIC_ROCK_VOUCHER_10000,SEASHELLS,27,18
113400,SUBMISSION,,VOLCANIC_ROCK_VOUCHER_10000,SEASHELLS,25,1
113400,,SUBMISSION,KELP,SEASHELLS,2034,3
113400,,SUBMISSION,RAINFOREST_RESIN,SEASHELLS,10002,4
113400,SUBMISSION,,VOLCANIC_ROCK_VOUCHER_10000,SEASHELLS,25,13
113500,,SUBMISSION,VOLCANIC_ROCK_VOUCHER_10000,SEASHELLS,29,16
113800,,SUBMISSION,VOLCANIC_ROCK_VOUCHER_10000,SEASHELLS,29,12
113800,,SUBMISSION,VOLCANIC_ROCK_VOUCHER_10000,SEASHELLS,29,1
113900,,SUBMISSION,MAGNIFICENT_MACARONS,SEASHELLS,709,10
113900,,SUBMISSION,KELP,SEASHELLS,2034,9
114100,,SUBMISSION,VOLCANIC_ROCK_VOUCHER_10000,SEASHELLS,32,16
114100,SUBMISSION,,RAINFOREST_RESIN,SEASHELLS,9997,6
114100,,SUBMISSION,VOLCANIC_ROCK_VOUCHER_10000,SEASHELLS,32,2
114200,SUBMISSION,,VOLCANIC_ROCK_VOUCHER_10000,SEASHELLS,27,11
114300,SUBMISSION,,VOLCANIC_ROCK_VOUCHER_10000,SEASHELLS,26,12
114300,,SUBMISSION,MAGNIFICENT_MACARONS,SEASHELLS,714,7
114500,SUBMISSION,,VOLCANIC_ROCK_VOUCHER_10000,SEASHELLS,28,1
114500,SUBMISSION,,VOLCANIC_ROCK_VOUCHER_10000,SEASHELLS,28,11
114500,,SUBMISSION,RAINFOREST_RESIN,SEASHELLS,10000,5
114600,,SUBMISSION,VOLCANIC_ROCK_VOUCHER_10000,SEASHELLS,29,13
114700,SUBMISSION,,VOLCANIC_ROCK_VOUCHER_10000,SEASHELLS,26,2
114700,,SUBMISSION,KELP,SEASHELLS,2034,1
114700,SUBMISSION,,VOLCANIC_ROCK_VOUCHER_10000,SEASHELLS,26,20
114800,,SUBMISSION,VOLCANIC_ROCK_VOUCHER_10000,SEASHELLS,33,19
114800,SUBMISSION,,KELP,SEASHELLS,2033,6
114900,,SUBMISSION,RAINFOREST_RESIN,SEASHELLS,10001,1
114900,,SUBMISSION,VOLCANIC_ROCK_VOUCHER_10000,SEASHELLS,31,18
115000,SUBMISSION,,KELP,SEASHELLS,2033,1
115000,SUBMISSION,,VOLCANIC_ROCK_VOUCHER_10000,SEASHELLS,28,14
115000,,SUBMISSION,RAINFOREST_RESIN,SEASHELLS,10002,5
115100,SUBMISSION,,KELP,SEASHELLS,2033,1
115300,SUBMISSION,,VOLCANIC_ROCK_VOUCHER_10000,SEASHELLS,28,1
115300,SUBMISSION,,VOLCANIC_ROCK_VOUCHER_10000,SEASHELLS,28,10
115500,SUBMISSION,,VOLCANIC_ROCK_VOUCHER_10000,SEASHELLS,27,17
115600,SUBMISSION,,VOLCANIC_ROCK_VOUCHER_10000,SEASHELLS,27,1
115600,SUBMISSION,,KELP,SEASHELLS,2033,1
115600,SUBMISSION,,VOLCANIC_ROCK_VOUCHER_10000,SEASHELLS,27,19
115700,SUBMISSION,,KELP,SEASHELLS,2033,1
115800,,SUBMISSION,VOLCANIC_ROCK_VOUCHER_10000,SEASHELLS,28,18
115900,,SUBMISSION,RAINFOREST_RESIN,SEASHELLS,10007,2
116000,SUBMISSION,,VOLCANIC_ROCK_VOUCHER_10000,SEASHELLS,26,1
116000,SUBMISSION,,VOLCANIC_ROCK_VOUCHER_10000,SEASHELLS,26,14
116100,,SUBMISSION,VOLCANIC_ROCK_VOUCHER_10000,SEASHELLS,27,14
116100,,SUBMISSION,RAINFOREST_RESIN,SEASHELLS,10007,2
116200,SUBMISSION,,VOLCANIC_ROCK_VOUCHER_10000,SEASHELLS,26,20
116300,SUBMISSION,,VOLCANIC_ROCK_VOUCHER_10000,SEASHELLS,25,16
116400,SUBMISSION,,VOLCANIC_ROCK_VOUCHER_10000,SEASHELLS,28,1
116400,,SUBMISSION,RAINFOREST_RESIN,SEASHELLS,10001,1
116400,SUBMISSION,,KELP,SEASHELLS,2034,5
116400,SUBMISSION,,VOLCANIC_ROCK_VOUCHER_10000,SEASHELLS,28,14
116400,SUBMISSION,,KELP,SEASHELLS,2034,1
116600,,SUBMISSION,KELP,SEASHELLS,2035,1
116700,SUBMISSION,,VOLCANIC_ROCK_VOUCHER_10000,SEASHELLS,27,4
116800,SUBMISSION,,VOLCANIC_ROCK_VOUCHER_10000,SEASHELLS,26,1
116800,SUBMISSION,,VOLCANIC_ROCK_VOUCHER_10000,SEASHELLS,26,12
117000,,SUBMISSION,KELP,SEASHELLS,2034,5
117300,,SUBMISSION,VOLCANIC_ROCK_VOUCHER_10000,SEASHELLS,28,19
117300,,SUBMISSION,VOLCANIC_ROCK_VOUCHER_10000,SEASHELLS,28,2
117400,SUBMISSION,,RAINFOREST_RESIN,SEASHELLS,9993,7
117400,,SUBMISSION,RAINFOREST_RESIN,SEASHELLS,10002,5
117500,,SUBMISSION,VOLCANIC_ROCK_VOUCHER_10000,SEASHELLS,29,20
117500,,SUBMISSION,VOLCANIC_ROCK_VOUCHER_10000,SEASHELLS,29,2
117600,,SUBMISSION,VOLCANIC_ROCK_VOUCHER_10000,SEASHELLS,27,14
117600,,SUBMISSION,VOLCANIC_ROCK_VOUCHER_10000,SEASHELLS,27,2
117700,,SUBMISSION,VOLCANIC_ROCK_VOUCHER_10000,SEASHELLS,24,1
117700,,SUBMISSION,VOLCANIC_ROCK_VOUCHER_10000,SEASHELLS,24,17
117800,,SUBMISSION,VOLCANIC_ROCK_VOUCHER_10000,SEASHELLS,25,2
117800,,SUBMISSION,VOLCANIC_ROCK_VOUCHER_10000,SEASHELLS,25,16
117900,SUBMISSION,,VOLCANIC_ROCK_VOUCHER_10000,SEASHELLS,24,1
117900,SUBMISSION,,VOLCANIC_ROCK_VOUCHER_10000,SEASHELLS,24,19
118100,SUBMISSION,,VOLCANIC_ROCK_VOUCHER_10000,SEASHELLS,25,15
118100,SUBMISSION,,VOLCANIC_ROCK_VOUCHER_10000,SEASHELLS,25,2
118100,SUBMISSION,,RAINFOREST_RESIN,SEASHELLS,9999,1
118100,SUBMISSION,,KELP,SEASHELLS,2033,2
118200,,SUBMISSION,VOLCANIC_ROCK_VOUCHER_10000,SEASHELLS,26,2
118200,,SUBMISSION,VOLCANIC_ROCK_VOUCHER_10000,SEASHELLS,26,17
118300,SUBMISSION,,VOLCANIC_ROCK_VOUCHER_10000,SEASHELLS,25,1
118300,,SUBMISSION,KELP,SEASHELLS,2034,2
118300,,SUBMISSION,RAINFOREST_RESIN,SEASHELLS,10007,2
118300,SUBMISSION,,VOLCANIC_ROCK_VOUCHER_10000,SEASHELLS,25,16
118400,,SUBMISSION,KELP,SEASHELLS,2035,1
118400,,SUBMISSION,MAGNIFICENT_MACARONS,SEASHELLS,698,10
118500,,SUBMISSION,RAINFOREST_RESIN,SEASHELLS,10007,5
118500,SUBMISSION,,VOLCANIC_ROCK_VOUCHER_10000,SEASHELLS,25,19
118600,,SUBMISSION,VOLCANIC_ROCK_VOUCHER_10000,SEASHELLS,28,4
118800,SUBMISSION,,VOLCANIC_ROCK_VOUCHER_10000,SEASHELLS,23,12
118800,,SUBMISSION,KELP,SEASHELLS,2034,1
118900,,SUBMISSION,KELP,SEASHELLS,2034,1
119000,,SUBMISSION,VOLCANIC_ROCK_VOUCHER_10000,SEASHELLS,24,11
119200,SUBMISSION,,VOLCANIC_ROCK_VOUCHER_10000,SEASHELLS,23,12
119400,SUBMISSION,,VOLCANIC_ROCK_VOUCHER_10000,SEASHELLS,25,20
119500,SUBMISSION,,VOLCANIC_ROCK_VOUCHER_10000,SEASHELLS,23,20
119500,SUBMISSION,,VOLCANIC_ROCK_VOUCHER_10000,SEASHELLS,23,2
119600,,SUBMISSION,VOLCANIC_ROCK_VOUCHER_10000,SEASHELLS,23,2
119600,,SUBMISSION,VOLCANIC_ROCK_VOUCHER_10000,SEASHELLS,23,19
119700,,SUBMISSION,VOLCANIC_ROCK_VOUCHER_10000,SEASHELLS,23,1
119700,,SUBMISSION,VOLCANIC_ROCK_VOUCHER_10000,SEASHELLS,23,12
119800,,SUBMISSION,VOLCANIC_ROCK_VOUCHER_10000,SEASHELLS,26,18
119800,SUBMISSION,,KELP,SEASHELLS,2033,2
119900,,SUBMISSION,KELP,SEASHELLS,2034,8
119900,,SUBMISSION,RAINFOREST_RESIN,SEASHELLS,10001,1
120000,SUBMISSION,,VOLCANIC_ROCK_VOUCHER_10000,SEASHELLS,23,10
120200,SUBMISSION,,VOLCANIC_ROCK_VOUCHER_10000,SEASHELLS,24,16
120300,,SUBMISSION,KELP,SEASHELLS,2034,1
120300,SUBMISSION,,VOLCANIC_ROCK_VOUCHER_10000,SEASHELLS,23,14
120300,SUBMISSION,,VOLCANIC_ROCK_VOUCHER_10000,SEASHELLS,23,1
120400,SUBMISSION,,VOLCANIC_ROCK_VOUCHER_10000,SEASHELLS,23,14
120400,,SUBMISSION,RAINFOREST_RESIN,SEASHELLS,10007,9
120400,SUBMISSION,,VOLCANIC_ROCK_VOUCHER_10000,SEASHELLS,23,2
120500,SUBMISSION,,RAINFOREST_RESIN,SEASHELLS,9999,1
120600,SUBMISSION,,RAINFOREST_RESIN,SEASHELLS,9999,1
120600,SUBMISSION,,VOLCANIC_ROCK_VOUCHER_10000,SEASHELLS,24,14
120900,,SUBMISSION,RAINFOREST_RESIN,SEASHELLS,10007,9
121000,SUBMISSION,,KELP,SEASHELLS,2032,4
121100,SUBMISSION,,KELP,SEASHELLS,2032,2
121100,,SUBMISSION,RAINFOREST_RESIN,SEASHELLS,10007,8
121200,SUBMISSION,,KELP,SEASHELLS,2032,5
121300,,SUBMISSION,RAINFOREST_RESIN,SEASHELLS,10007,4
121400,,SUBMISSION,RAINFOREST_RESIN,SEASHELLS,10007,6
121500,,SUBMISSION,RAINFOREST_RESIN,SEASHELLS,10001,1
121500,,SUBMISSION,KELP,SEASHELLS,2034,5
121600,,SUBMISSION,RAINFOREST_RESIN,SEASHELLS,10007,1
121900,,SUBMISSION,VOLCANIC_ROCK_VOUCHER_10000,SEASHELLS,23,14
121900,,SUBMISSION,RAINFOREST_RESIN,SEASHELLS,10002,2
122000,SUBMISSION,,KELP,SEASHELLS,2032,1
122100,,SUBMISSION,VOLCANIC_ROCK_VOUCHER_10000,SEASHELLS,24,2
122100,,SUBMISSION,VOLCANIC_ROCK_VOUCHER_10000,SEASHELLS,24,11
122200,,SUBMISSION,KELP,SEASHELLS,2033,1
122200,SUBMISSION,,RAINFOREST_RESIN,SEASHELLS,9998,1
122300,,SUBMISSION,VOLCANIC_ROCK_VOUCHER_10000,SEASHELLS,25,2
122300,,SUBMISSION,VOLCANIC_ROCK_VOUCHER_10000,SEASHELLS,25,13
122500,,SUBMISSION,RAINFOREST_RESIN,SEASHELLS,10007,1
122600,SUBMISSION,,KELP,SEASHELLS,2031,1
122600,,SUBMISSION,VOLCANIC_ROCK_VOUCHER_10000,SEASHELLS,26,2
122600,,SUBMISSION,VOLCANIC_ROCK_VOUCHER_10000,SEASHELLS,26,18
122800,SUBMISSION,,RAINFOREST_RESIN,SEASHELLS,9993,5
122900,SUBMISSION,,KELP,SEASHELLS,2031,11
123000,,SUBMISSION,VOLCANIC_ROCK_VOUCHER_10000,SEASHELLS,24,1
123000,,SUBMISSION,VOLCANIC_ROCK_VOUCHER_10000,SEASHELLS,24,18
123100,SUBMISSION,,VOLCANIC_ROCK_VOUCHER_10000,SEASHELLS,26,10
123200,,SUBMISSION,KELP,SEASHELLS,2032,1
123200,,SUBMISSION,VOLCANIC_ROCK_VOUCHER_10000,SEASHELLS,25,14
123200,,SUBMISSION,VOLCANIC_ROCK_VOUCHER_10000,SEASHELLS,25,2
123400,SUBMISSION,,RAINFOREST_RESIN,SEASHELLS,9998,4
123400,SUBMISSION,,VOLCANIC_ROCK_VOUCHER_10000,SEASHELLS,26,20
123500,,SUBMISSION,KELP,SEASHELLS,2032,1
123500,SUBMISSION,,VOLCANIC_ROCK_VOUCHER_10000,SEASHELLS,26,2
123500,SUBMISSION,,VOLCANIC_ROCK_VOUCHER_10000,SEASHELLS,26,16
123600,SUBMISSION,,RAINFOREST_RESIN,SEASHELLS,9999,1
123800,,SUBMISSION,VOLCANIC_ROCK_VOUCHER_10000,SEASHELLS,27,19
123800,,SUBMISSION,VOLCANIC_ROCK_VOUCHER_10000,SEASHELLS,27,14
123800,,SUBMISSION,VOLCANIC_ROCK_VOUCHER_10000,SEASHELLS,27,1
123900,,SUBMISSION,RAINFOREST_RESIN,SEASHELLS,10007,8
124000,,SUBMISSION,RAINFOREST_RESIN,SEASHELLS,10001,1
124000,SUBMISSION,,KELP,SEASHELLS,2031,1
124000,SUBMISSION,,VOLCANIC_ROCK_VOUCHER_10000,SEASHELLS,25,14
124000,SUBMISSION,,VOLCANIC_ROCK_VOUCHER_10000,SEASHELLS,25,2
124100,,SUBMISSION,VOLCANIC_ROCK_VOUCHER_10000,SEASHELLS,28,12
124100,,SUBMISSION,KELP,SEASHELLS,2032,6
124100,,SUBMISSION,VOLCANIC_ROCK_VOUCHER_10000,SEASHELLS,28,1
124200,,SUBMISSION,KELP,SEASHELLS,2031,8
124200,SUBMISSION,,VOLCANIC_ROCK_VOUCHER_10000,SEASHELLS,25,15
124300,,SUBMISSION,VOLCANIC_ROCK_VOUCHER_10000,SEASHELLS,27,12
124500,,SUBMISSION,VOLCANIC_ROCK_VOUCHER_10000,SEASHELLS,30,15
124500,,SUBMISSION,RAINFOREST_RESIN,SEASHELLS,10001,1
124600,SUBMISSION,,KELP,SEASHELLS,2031,2
124700,,SUBMISSION,VOLCANIC_ROCK_VOUCHER_10000,SEASHELLS,31,17
124800,SUBMISSION,,VOLCANIC_ROCK_VOUCHER_10000,SEASHELLS,28,15
124800,SUBMISSION,,VOLCANIC_ROCK_VOUCHER_10000,SEASHELLS,28,2
125000,,SUBMISSION,VOLCANIC_ROCK_VOUCHER_10000,SEASHELLS,31,1
125000,,SUBMISSION,VOLCANIC_ROCK_VOUCHER_10000,SEASHELLS,31,19
125100,,SUBMISSION,VOLCANIC_ROCK_VOUCHER_10000,SEASHELLS,28,18
125100,,SUBMISSION,VOLCANIC_ROCK_VOUCHER_10000,SEASHELLS,28,2
125200,SUBMISSION,,VOLCANIC_ROCK_VOUCHER_10000,SEASHELLS,29,18
125300,,SUBMISSION,VOLCANIC_ROCK_VOUCHER_10000,SEASHELLS,29,17
125300,SUBMISSION,,RAINFOREST_RESIN,SEASHELLS,9998,3
125300,,SUBMISSION,VOLCANIC_ROCK_VOUCHER_10000,SEASHELLS,29,1
125500,,SUBMISSION,VOLCANIC_ROCK_VOUCHER_10000,SEASHELLS,30,18
125500,,SUBMISSION,VOLCANIC_ROCK_VOUCHER_10000,SEASHELLS,30,1
125500,,SUBMISSION,KELP,SEASHELLS,2033,1
125800,SUBMISSION,,VOLCANIC_ROCK_VOUCHER_10000,SEASHELLS,24,15
125800,SUBMISSION,,VOLCANIC_ROCK_VOUCHER_10000,SEASHELLS,24,2
125900,,SUBMISSION,VOLCANIC_ROCK_VOUCHER_10000,SEASHELLS,31,19
125900,,SUBMISSION,KELP,SEASHELLS,2033,1
125900,,SUBMISSION,VOLCANIC_ROCK_VOUCHER_10000,SEASHELLS,31,1
126000,SUBMISSION,,VOLCANIC_ROCK_VOUCHER_10000,SEASHELLS,29,20
126100,,SUBMISSION,VOLCANIC_ROCK_VOUCHER_10000,SEASHELLS,30,2
126100,SUBMISSION,,RAINFOREST_RESIN,SEASHELLS,9999,1
126100,,SUBMISSION,VOLCANIC_ROCK_VOUCHER_10000,SEASHELLS,30,16
126200,SUBMISSION,,VOLCANIC_ROCK_VOUCHER_10000,SEASHELLS,27,1
126200,SUBMISSION,,VOLCANIC_ROCK_VOUCHER_10000,SEASHELLS,27,12
126300,,SUBMISSION,VOLCANIC_ROCK_VOUCHER_10000,SEASHELLS,27,2
126300,,SUBMISSION,VOLCANIC_ROCK_VOUCHER_10000,SEASHELLS,27,15
126400,SUBMISSION,,VOLCANIC_ROCK_VOUCHER_10000,SEASHELLS,27,10
126500,,SUBMISSION,VOLCANIC_ROCK_VOUCHER_10000,SEASHELLS,26,18
126500,,SUBMISSION,VOLCANIC_ROCK_VOUCHER_10000,SEASHELLS,26,1
126500,SUBMISSION,,KELP,SEASHELLS,2033,4
126500,,SUBMISSION,VOLCANIC_ROCK_VOUCHER_10000,SEASHELLS,26,20
126600,SUBMISSION,,VOLCANIC_ROCK_VOUCHER_10000,SEASHELLS,28,12
126800,,SUBMISSION,RAINFOREST_RESIN,SEASHELLS,10007,1
126900,SUBMISSION,,VOLCANIC_ROCK_VOUCHER_10000,SEASHELLS,29,1
126900,SUBMISSION,,VOLCANIC_ROCK_VOUCHER_10000,SEASHELLS,29,15
127000,,SUBMISSION,VOLCANIC_ROCK_VOUCHER_10000,SEASHELLS,26,17
127100,,SUBMISSION,KELP,SEASHELLS,2034,3
127100,,SUBMISSION,MAGNIFICENT_MACARONS,SEASHELLS,714,3
127200,,SUBMISSION,RAINFOREST_RESIN,SEASHELLS,10001,1
127300,SUBMISSION,,KELP,SEASHELLS,2033,11
127600,SUBMISSION,,RAINFOREST_RESIN,SEASHELLS,9998,4
127700,SUBMISSION,,VOLCANIC_ROCK_VOUCHER_10000,SEASHELLS,26,3
127800,SUBMISSION,,VOLCANIC_ROCK_VOUCHER_10000,SEASHELLS,27,15
127900,SUBMISSION,,VOLCANIC_ROCK_VOUCHER_10000,SEASHELLS,27,2
127900,SUBMISSION,,VOLCANIC_ROCK_VOUCHER_10000,SEASHELLS,27,13
127900,SUBMISSION,,KELP,SEASHELLS,2033,3
128000,,SUBMISSION,KELP,SEASHELLS,2034,2
128100,,SUBMISSION,VOLCANIC_ROCK_VOUCHER_10000,SEASHELLS,31,2
128100,,SUBMISSION,VOLCANIC_ROCK_VOUCHER_10000,SEASHELLS,31,16
128100,SUBMISSION,,RAINFOREST_RESIN,SEASHELLS,9998,3
128200,,SUBMISSION,VOLCANIC_ROCK_VOUCHER_10000,SEASHELLS,28,17
128200,SUBMISSION,,KELP,SEASHELLS,2033,3
128200,SUBMISSION,,RAINFOREST_RESIN,SEASHELLS,9998,3
128300,,SUBMISSION,KELP,SEASHELLS,2034,1
128300,,SUBMISSION,RAINFOREST_RESIN,SEASHELLS,10007,2
128400,,SUBMISSION,VOLCANIC_ROCK_VOUCHER_10000,SEASHELLS,29,19
128400,,SUBMISSION,VOLCANIC_ROCK_VOUCHER_10000,SEASHELLS,29,2
128400,,SUBMISSION,VOLCANIC_ROCK_VOUCHER_10000,SEASHELLS,29,3
128500,,SUBMISSION,RAINFOREST_RESIN,SEASHELLS,10002,5
128500,SUBMISSION,,KELP,SEASHELLS,2033,1
128600,,SUBMISSION,RAINFOREST_RESIN,SEASHELLS,10001,1
128600,,SUBMISSION,KELP,SEASHELLS,2033,3
128600,,SUBMISSION,KELP,SEASHELLS,2034,12
128700,SUBMISSION,,RAINFOREST_RESIN,SEASHELLS,9999,1
128900,SUBMISSION,,VOLCANIC_ROCK_VOUCHER_10000,SEASHELLS,25,1
128900,SUBMISSION,,VOLCANIC_ROCK_VOUCHER_10000,SEASHELLS,25,13
129000,SUBMISSION,,VOLCANIC_ROCK_VOUCHER_10000,SEASHELLS,29,10
129100,,SUBMISSION,KELP,SEASHELLS,2033,1
129200,,SUBMISSION,RAINFOREST_RESIN,SEASHELLS,10002,5
129200,,SUBMISSION,VOLCANIC_ROCK_VOUCHER_10000,SEASHELLS,30,14
129200,,SUBMISSION,VOLCANIC_ROCK_VOUCHER_10000,SEASHELLS,30,1
129300,SUBMISSION,,KELP,SEASHELLS,2032,5
129400,,SUBMISSION,VOLCANIC_ROCK_VOUCHER_10000,SEASHELLS,29,9
129500,SUBMISSION,,KELP,SEASHELLS,2032,1
129600,SUBMISSION,,KELP,SEASHELLS,2032,4
129700,SUBMISSION,,VOLCANIC_ROCK_VOUCHER_10000,SEASHELLS,27,13
129900,SUBMISSION,,VOLCANIC_ROCK_VOUCHER_10000,SEASHELLS,27,17
130000,,SUBMISSION,KELP,SEASHELLS,2033,7
130300,,SUBMISSION,VOLCANIC_ROCK_VOUCHER_10000,SEASHELLS,30,16
130300,,SUBMISSION,KELP,SEASHELLS,2033,2
130300,,SUBMISSION,VOLCANIC_ROCK_VOUCHER_10000,SEASHELLS,30,13
130300,,SUBMISSION,VOLCANIC_ROCK_VOUCHER_10000,SEASHELLS,30,1
130400,SUBMISSION,,VOLCANIC_ROCK_VOUCHER_10000,SEASHELLS,28,2
130400,SUBMISSION,,VOLCANIC_ROCK_VOUCHER_10000,SEASHELLS,28,18
130500,SUBMISSION,,VOLCANIC_ROCK_VOUCHER_10000,SEASHELLS,29,1
130500,SUBMISSION,,VOLCANIC_ROCK_VOUCHER_10000,SEASHELLS,29,10
130500,SUBMISSION,,KELP,SEASHELLS,2032,15
130600,,SUBMISSION,KELP,SEASHELLS,2033,1
130700,,SUBMISSION,VOLCANIC_ROCK_VOUCHER_10000,SEASHELLS,30,15
130700,,SUBMISSION,VOLCANIC_ROCK_VOUCHER_10000,SEASHELLS,30,2
130800,SUBMISSION,,VOLCANIC_ROCK_VOUCHER_10000,SEASHELLS,27,11
130800,,SUBMISSION,KELP,SEASHELLS,2033,1
130800,SUBMISSION,,VOLCANIC_ROCK_VOUCHER_10000,SEASHELLS,27,1
131000,SUBMISSION,,VOLCANIC_ROCK_VOUCHER_10000,SEASHELLS,28,12
131000,SUBMISSION,,VOLCANIC_ROCK_VOUCHER_10000,SEASHELLS,28,2
131100,,SUBMISSION,VOLCANIC_ROCK_VOUCHER_10000,SEASHELLS,30,1
131100,,SUBMISSION,VOLCANIC_ROCK_VOUCHER_10000,SEASHELLS,30,12
131300,,SUBMISSION,MAGNIFICENT_MACARONS,SEASHELLS,710,7
131400,SUBMISSION,,VOLCANIC_ROCK_VOUCHER_10000,SEASHELLS,30,16
131400,SUBMISSION,,VOLCANIC_ROCK_VOUCHER_10000,SEASHELLS,30,1
131500,SUBMISSION,,VOLCANIC_ROCK_VOUCHER_10000,SEASHELLS,29,15
131500,SUBMISSION,,VOLCANIC_ROCK_VOUCHER_10000,SEASHELLS,29,1
131600,,SUBMISSION,VOLCANIC_ROCK_VOUCHER_10000,SEASHELLS,33,13
131600,,SUBMISSION,VOLCANIC_ROCK_VOUCHER_10000,SEASHELLS,33,2
131700,,SUBMISSION,VOLCANIC_ROCK_VOUCHER_10000,SEASHELLS,32,16
131700,,SUBMISSION,VOLCANIC_ROCK_VOUCHER_10000,SEASHELLS,32,1
131800,SUBMISSION,,VOLCANIC_ROCK_VOUCHER_10000,SEASHELLS,31,20
131900,,SUBMISSION,VOLCANIC_ROCK_VOUCHER_10000,SEASHELLS,30,13
132000,,SUBMISSION,VOLCANIC_ROCK_VOUCHER_10000,SEASHELLS,33,13
132000,,SUBMISSION,VOLCANIC_ROCK_VOUCHER_10000,SEASHELLS,33,2
