timestamp,buyer,seller,symbol,currency,price,quantity
100,SUBMISSION,,VOLCANIC_ROCK_VOUCHER_10000,SEASHELLS,181,18
100,SUBMISSION,,VOLCANIC_ROCK_VOUCHER_10000,SEASHELLS,181,1
100,SUBMISSION,,VOLCANIC_ROCK_VOUCHER_9500,SEASHELLS,665,18
100,SUBMISSION,,VOLCANIC_ROCK_VOUCHER_9500,SEASHELLS,665,1
100,,SUBMISSION,VOLCANIC_ROCK_VOUCHER_9750,SEASHELLS,416,18
100,,SUBMISSION,VOLCANIC_ROCK_VOUCHER_9750,SEASHELLS,416,1
200,,SUBMISSION,VOLCANIC_ROCK_VOUCHER_10000,SEASHELLS,184,15
200,,SUBMISSION,VOLCANIC_ROCK_VOUCHER_9500,SEASHELLS,669,15
400,,SUBMISSION,KELP,SEASHELLS,2042,1
500,,SUBMISSION,RAINFOREST_RESIN,SEASHELLS,10003,6
800,SUBMISSION,,VOLCANIC_ROCK_VOUCHER_10250,SEASHELLS,38,16
900,,SUBMISSION,VOLCANIC_ROCK_VOUCHER_10250,SEASHELLS,39,11
900,,SUBMISSION,VOLCANIC_ROCK_VOUCHER_10250,SEASHELLS,39,1
900,,SUBMISSION,VOLCANIC_ROCK_VOUCHER_9500,SEASHELLS,675,4
900,SUBMISSION,,VOLCANIC_ROCK_VOUCHER_9750,SEASHELLS,427,11
900,SUBMISSION,,VOLCANIC_ROCK_VOUCHER_9750,SEASHELLS,427,1
1000,SUBMISSION,,VOLCANIC_ROCK_VOUCHER_9750,SEASHELLS,427,7
1100,SUBMISSION,,KELP,SEASHELLS,2040,1
1200,SUBMISSION,,KELP,SEASHELLS,2040,1
1200,,SUBMISSION,VOLCANIC_ROCK_VOUCHER_10250,SEASHELLS,37,11
1200,,SUBMISSION,VOLCANIC_ROCK_VOUCHER_10250,SEASHELLS,37,2
1300,SUBMISSION,,RAINFOREST_RESIN,SEASHELLS,9999,1
1300,SUBMISSION,,VOLCANIC_ROCK_VOUCHER_10000,SEASHELLS,187,4
1300,SUBMISSION,,VOLCANIC_ROCK_VOUCHER_10000,SEASHELLS,187,8
1300,SUBMISSION,,VOLCANIC_ROCK_VOUCHER_10250,SEASHELLS,37,4
1300,SUBMISSION,,VOLCANIC_ROCK_VOUCHER_10250,SEASHELLS,37,8
1300,SUBMISSION,,VOLCANIC_ROCK_VOUCHER_9500,SEASHELLS,670,4
1300,SUBMISSION,,VOLCANIC_ROCK_VOUCHER_9500,SEASHELLS,670,8
1500,SUBMISSION,,KELP,SEASHELLS,2041,4
1500,SUBMISSION,,RAINFOREST_RESIN,SEASHELLS,9998,4
1600,,SUBMISSION,VOLCANIC_ROCK_VOUCHER_10000,SEASHELLS,189,16
1600,,SUBMISSION,VOLCANIC_ROCK_VOUCHER_10250,SEASHELLS,38,3
1600,,SUBMISSION,VOLCANIC_ROCK_VOUCHER_9500,SEASHELLS,672,12
1700,SUBMISSION,,KELP,SEASHELLS,2041,2
1700,SUBMISSION,,RAINFOREST_RESIN,SEASHELLS,9997,6
1700,SUBMISSION,,RAINFOREST_RESIN,SEASHELLS,9993,2
1700,SUBMISSION,,VOLCANIC_ROCK_VOUCHER_10000,SEASHELLS,189,16
1700,SUBMISSION,,VOLCANIC_ROCK_VOUCHER_9500,SEASHELLS,673,16
1700,,SUBMISSION,VOLCANIC_ROCK_VOUCHER_9750,SEASHELLS,424,16
1800,,SUBMISSION,VOLCANIC_ROCK_VOUCHER_10000,SEASHELLS,191,16
1800,,SUBMISSION,VOLCANIC_ROCK_VOUCHER_9500,SEASHELLS,674,16
1800,SUBMISSION,,VOLCANIC_ROCK_VOUCHER_9750,SEASHELLS,427,16
2300,,SUBMISSION,KELP,SEASHELLS,2042,15
2400,,SUBMISSION,KELP,SEASHELLS,2042,8
2400,,SUBMISSION,RAINFOREST_RESIN,SEASHELLS,10001,1
2400,,SUBMISSION,VOLCANIC_ROCK_VOUCHER_10000,SEASHELLS,189,18
2400,,SUBMISSION,VOLCANIC_ROCK_VOUCHER_10000,SEASHELLS,189,1
2400,,SUBMISSION,VOLCANIC_ROCK_VOUCHER_10250,SEASHELLS,38,18
2400,,SUBMISSION,VOLCANIC_ROCK_VOUCHER_10250,SEASHELLS,38,1
2400,,SUBMISSION,VOLCANIC_ROCK_VOUCHER_9500,SEASHELLS,672,18
2400,,SUBMISSION,VOLCANIC_ROCK_VOUCHER_9500,SEASHELLS,672,1
2400,SUBMISSION,,VOLCANIC_ROCK_VOUCHER_9750,SEASHELLS,423,18
2400,SUBMISSION,,VOLCANIC_ROCK_VOUCHER_9750,SEASHELLS,423,1
2500,SUBMISSION,,RAINFOREST_RESIN,SEASHELLS,9999,1
2500,SUBMISSION,,VOLCANIC_ROCK_VOUCHER_10000,SEASHELLS,189,10
2500,SUBMISSION,,VOLCANIC_ROCK_VOUCHER_9500,SEASHELLS,673,10
2500,,SUBMISSION,VOLCANIC_ROCK_VOUCHER_9750,SEASHELLS,424,10
2600,,SUBMISSION,VOLCANIC_ROCK_VOUCHER_10000,SEASHELLS,187,14
2600,SUBMISSION,,VOLCANIC_ROCK_VOUCHER_10250,SEASHELLS,38,14
2600,,SUBMISSION,VOLCANIC_ROCK_VOUCHER_9500,SEASHELLS,668,14
2600,SUBMISSION,,VOLCANIC_ROCK_VOUCHER_9750,SEASHELLS,420,14
2700,,SUBMISSION,KELP,SEASHELLS,2042,10
2700,SUBMISSION,,VOLCANIC_ROCK_VOUCHER_10000,SEASHELLS,180,17
2700,SUBMISSION,,VOLCANIC_ROCK_VOUCHER_9500,SEASHELLS,665,17
2700,,SUBMISSION,VOLCANIC_ROCK_VOUCHER_9750,SEASHELLS,416,17
2800,SUBMISSION,,VOLCANIC_ROCK_VOUCHER_10250,SEASHELLS,36,5
2800,SUBMISSION,,VOLCANIC_ROCK_VOUCHER_9500,SEASHELLS,665,6
2900,,SUBMISSION,RAINFOREST_RESIN,SEASHELLS,10001,1
3200,,SUBMISSION,KELP,SEASHELLS,2042,1
3300,SUBMISSION,,VOLCANIC_ROCK_VOUCHER_10000,SEASHELLS,183,6
3400,,SUBMISSION,RAINFOREST_RESIN,SEASHELLS,10001,1
3400,,SUBMISSION,VOLCANIC_ROCK_VOUCHER_10250,SEASHELLS,36,13
3400,,SUBMISSION,VOLCANIC_ROCK_VOUCHER_9500,SEASHELLS,665,13
3400,SUBMISSION,,VOLCANIC_ROCK_VOUCHER_9750,SEASHELLS,417,13
3500,SUBMISSION,,RAINFOREST_RESIN,SEASHELLS,9993,8
3600,,SUBMISSION,KELP,SEASHELLS,2042,4
3600,,SUBMISSION,RAINFOREST_RESIN,SEASHELLS,10007,4
3600,SUBMISSION,,VOLCANIC_ROCK_VOUCHER_10000,SEASHELLS,177,19
3600,SUBMISSION,,VOLCANIC_ROCK_VOUCHER_10000,SEASHELLS,177,1
3800,,SUBMISSION,KELP,SEASHELLS,2042,2
3800,SUBMISSION,,VOLCANIC_ROCK_VOUCHER_10000,SEASHELLS,180,12
3900,SUBMISSION,,VOLCANIC_ROCK_VOUCHER_9500,SEASHELLS,666,13
3900,,SUBMISSION,VOLCANIC_ROCK_VOUCHER_9750,SEASHELLS,416,19
4000,SUBMISSION,,VOLCANIC_ROCK_VOUCHER_10250,SEASHELLS,36,13
4100,,SUBMISSION,RAINFOREST_RESIN,SEASHELLS,10002,5
4100,,SUBMISSION,VOLCANIC_ROCK_VOUCHER_10000,SEASHELLS,180,16
4100,,SUBMISSION,VOLCANIC_ROCK_VOUCHER_10000,SEASHELLS,180,1
4300,SUBMISSION,,KELP,SEASHELLS,2040,5
4500,,SUBMISSION,KELP,SEASHELLS,2041,1
4600,,SUBMISSION,VOLCANIC_ROCK_VOUCHER_10000,SEASHELLS,177,14
4600,,SUBMISSION,VOLCANIC_ROCK_VOUCHER_10000,SEASHELLS,177,1
4700,SUBMISSION,,RAINFOREST_RESIN,SEASHELLS,9999,1
4800,SUBMISSION,,VOLCANIC_ROCK_VOUCHER_10250,SEASHELLS,35,18
4800,SUBMISSION,,VOLCANIC_ROCK_VOUCHER_10250,SEASHELLS,35,1
5100,,SUBMISSION,VOLCANIC_ROCK_VOUCHER_10000,SEASHELLS,179,20
5100,,SUBMISSION,VOLCANIC_ROCK_VOUCHER_10000,SEASHELLS,179,2
5100,,SUBMISSION,VOLCANIC_ROCK_VOUCHER_10000,SEASHELLS,179,18
5100,,SUBMISSION,VOLCANIC_ROCK_VOUCHER_10250,SEASHELLS,34,19
5200,SUBMISSION,,VOLCANIC_ROCK_VOUCHER_9500,SEASHELLS,654,10
5200,SUBMISSION,,VOLCANIC_ROCK_VOUCHER_9500,SEASHELLS,654,2
5200,,SUBMISSION,VOLCANIC_ROCK_VOUCHER_9750,SEASHELLS,405,10
5200,,SUBMISSION,VOLCANIC_ROCK_VOUCHER_9750,SEASHELLS,405,2
5300,SUBMISSION,,VOLCANIC_ROCK_VOUCHER_10000,SEASHELLS,176,13
5300,,SUBMISSION,VOLCANIC_ROCK_VOUCHER_9500,SEASHELLS,658,12
5500,SUBMISSION,,VOLCANIC_ROCK_VOUCHER_10000,SEASHELLS,177,19
5500,SUBMISSION,,VOLCANIC_ROCK_VOUCHER_10000,SEASHELLS,177,2
5600,SUBMISSION,,KELP,SEASHELLS,2041,7
5600,,SUBMISSION,KELP,SEASHELLS,2042,2
5600,SUBMISSION,,VOLCANIC_ROCK_VOUCHER_10000,SEASHELLS,175,12
5600,SUBMISSION,,VOLCANIC_ROCK_VOUCHER_10000,SEASHELLS,175,1
5600,SUBMISSION,,VOLCANIC_ROCK_VOUCHER_9500,SEASHELLS,660,12
5600,SUBMISSION,,VOLCANIC_ROCK_VOUCHER_9500,SEASHELLS,660,1
5600,,SUBMISSION,VOLCANIC_ROCK_VOUCHER_9750,SEASHELLS,411,12
5600,,SUBMISSION,VOLCANIC_ROCK_VOUCHER_9750,SEASHELLS,411,1
5700,,SUBMISSION,RAINFOREST_RESIN,SEASHELLS,10007,1
5800,SUBMISSION,,KELP,SEASHELLS,2041,1
5800,,SUBMISSION,VOLCANIC_ROCK_VOUCHER_10000,SEASHELLS,177,7
5800,,SUBMISSION,VOLCANIC_ROCK_VOUCHER_9500,SEASHELLS,658,13
5800,SUBMISSION,,VOLCANIC_ROCK_VOUCHER_9750,SEASHELLS,411,16
5800,SUBMISSION,,VOLCANIC_ROCK_VOUCHER_9750,SEASHELLS,411,1
6100,SUBMISSION,,RAINFOREST_RESIN,SEASHELLS,9999,1
6100,,SUBMISSION,VOLCANIC_ROCK_VOUCHER_10000,SEASHELLS,180,13
6200,SUBMISSION,,VOLCANIC_ROCK_VOUCHER_10000,SEASHELLS,180,10
6300,,SUBMISSION,RAINFOREST_RESIN,SEASHELLS,10001,1
6300,SUBMISSION,,VOLCANIC_ROCK_VOUCHER_10000,SEASHELLS,175,14
6300,SUBMISSION,,VOLCANIC_ROCK_VOUCHER_9500,SEASHELLS,658,14
6300,,SUBMISSION,VOLCANIC_ROCK_VOUCHER_9750,SEASHELLS,409,14
6500,,SUBMISSION,VOLCANIC_ROCK_VOUCHER_9750,SEASHELLS,408,12
6600,,SUBMISSION,VOLCANIC_ROCK_VOUCHER_9500,SEASHELLS,657,14
6700,,SUBMISSION,VOLCANIC_ROCK_VOUCHER_9500,SEASHELLS,659,12
6700,SUBMISSION,,VOLCANIC_ROCK_VOUCHER_9750,SEASHELLS,411,12
6800,SUBMISSION,,KELP,SEASHELLS,2040,5
6800,SUBMISSION,,VOLCANIC_ROCK_VOUCHER_9500,SEASHELLS,662,12
6900,SUBMISSION,,KELP,SEASHELLS,2040,4
6900,SUBMISSION,,VOLCANIC_ROCK_VOUCHER_9500,SEASHELLS,662,2
6900,,SUBMISSION,VOLCANIC_ROCK_VOUCHER_9750,SEASHELLS,413,13
6900,,SUBMISSION,VOLCANIC_ROCK_VOUCHER_9750,SEASHELLS,413,2
7200,,SUBMISSION,KELP,SEASHELLS,2041,1
7400,,SUBMISSION,VOLCANIC_ROCK_VOUCHER_10000,SEASHELLS,181,10
7600,,SUBMISSION,KELP,SEASHELLS,2040,1
7600,,SUBMISSION,RAINFOREST_RESIN,SEASHELLS,10001,1
7600,,SUBMISSION,VOLCANIC_ROCK_VOUCHER_10000,SEASHELLS,183,1
7600,,SUBMISSION,VOLCANIC_ROCK_VOUCHER_9500,SEASHELLS,668,2
7600,SUBMISSION,,VOLCANIC_ROCK_VOUCHER_9750,SEASHELLS,420,12
7600,SUBMISSION,,VOLCANIC_ROCK_VOUCHER_9750,SEASHELLS,420,1
7700,SUBMISSION,,VOLCANIC_ROCK_VOUCHER_10000,SEASHELLS,180,13
7700,SUBMISSION,,VOLCANIC_ROCK_VOUCHER_9500,SEASHELLS,665,13
7700,,SUBMISSION,VOLCANIC_ROCK_VOUCHER_9750,SEASHELLS,416,13
7800,,SUBMISSION,VOLCANIC_ROCK_VOUCHER_10000,SEASHELLS,181,12
7800,,SUBMISSION,VOLCANIC_ROCK_VOUCHER_10000,SEASHELLS,181,1
7800,,SUBMISSION,VOLCANIC_ROCK_VOUCHER_9500,SEASHELLS,664,12
7800,,SUBMISSION,VOLCANIC_ROCK_VOUCHER_9500,SEASHELLS,664,1
8000,SUBMISSION,,RAINFOREST_RESIN,SEASHELLS,9998,5
8100,,SUBMISSION,KELP,SEASHELLS,2040,1
8100,SUBMISSION,,RAINFOREST_RESIN,SEASHELLS,9999,1
8100,SUBMISSION,,VOLCANIC_ROCK_VOUCHER_10250,SEASHELLS,36,12
8200,SUBMISSION,,RAINFOREST_RESIN,SEASHELLS,9999,1
8400,SUBMISSION,,RAINFOREST_RESIN,SEASHELLS,9993,4
8500,,SUBMISSION,RAINFOREST_RESIN,SEASHELLS,10001,1
8500,,SUBMISSION,RAINFOREST_RESIN,SEASHELLS,10007,1
8500,,SUBMISSION,VOLCANIC_ROCK_VOUCHER_10000,SEASHELLS,186,18
8500,,SUBMISSION,VOLCANIC_ROCK_VOUCHER_10000,SEASHELLS,186,2
8500,,SUBMISSION,VOLCANIC_ROCK_VOUCHER_9500,SEASHELLS,669,18
8500,,SUBMISSION,VOLCANIC_ROCK_VOUCHER_9500,SEASHELLS,669,2
8500,SUBMISSION,,VOLCANIC_ROCK_VOUCHER_9750,SEASHELLS,421,18
8500,SUBMISSION,,VOLCANIC_ROCK_VOUCHER_9750,SEASHELLS,421,2
8700,SUBMISSION,,VOLCANIC_ROCK_VOUCHER_10250,SEASHELLS,36,10
8700,SUBMISSION,,VOLCANIC_ROCK_VOUCHER_10250,SEASHELLS,36,2
8800,SUBMISSION,,VOLCANIC_ROCK_VOUCHER_10000,SEASHELLS,184,19
8800,SUBMISSION,,VOLCANIC_ROCK_VOUCHER_10000,SEASHELLS,184,1
8800,,SUBMISSION,VOLCANIC_ROCK_VOUCHER_10250,SEASHELLS,36,19
8800,,SUBMISSION,VOLCANIC_ROCK_VOUCHER_10250,SEASHELLS,36,2
8800,SUBMISSION,,VOLCANIC_ROCK_VOUCHER_9500,SEASHELLS,667,19
8800,SUBMISSION,,VOLCANIC_ROCK_VOUCHER_9500,SEASHELLS,667,1
8900,,SUBMISSION,VOLCANIC_ROCK_VOUCHER_10000,SEASHELLS,183,12
8900,,SUBMISSION,VOLCANIC_ROCK_VOUCHER_10000,SEASHELLS,183,1
8900,,SUBMISSION,VOLCANIC_ROCK_VOUCHER_10000,SEASHELLS,183,14
8900,,SUBMISSION,VOLCANIC_ROCK_VOUCHER_10250,SEASHELLS,35,3
9000,SUBMISSION,,RAINFOREST_RESIN,SEASHELLS,9997,2
9000,SUBMISSION,,VOLCANIC_ROCK_VOUCHER_10000,SEASHELLS,177,13
9000,SUBMISSION,,VOLCANIC_ROCK_VOUCHER_10000,SEASHELLS,177,2
9100,SUBMISSION,,RAINFOREST_RESIN,SEASHELLS,9993,4
9100,SUBMISSION,,RAINFOREST_RESIN,SEASHELLS,9993,2
9100,SUBMISSION,,VOLCANIC_ROCK_VOUCHER_10000,SEASHELLS,180,12
9300,SUBMISSION,,VOLCANIC_ROCK_VOUCHER_10000,SEASHELLS,179,20
9300,SUBMISSION,,VOLCANIC_ROCK_VOUCHER_10000,SEASHELLS,179,1
9300,SUBMISSION,,VOLCANIC_ROCK_VOUCHER_9500,SEASHELLS,664,1
9300,,SUBMISSION,VOLCANIC_ROCK_VOUCHER_9750,SEASHELLS,415,20
9300,,SUBMISSION,VOLCANIC_ROCK_VOUCHER_9750,SEASHELLS,415,1
9400,,SUBMISSION,VOLCANIC_ROCK_VOUCHER_10000,SEASHELLS,178,19
9400,,SUBMISSION,VOLCANIC_ROCK_VOUCHER_10000,SEASHELLS,178,1
9400,,SUBMISSION,VOLCANIC_ROCK_VOUCHER_10250,SEASHELLS,35,19
9400,,SUBMISSION,VOLCANIC_ROCK_VOUCHER_10250,SEASHELLS,35,1
9400,,SUBMISSION,VOLCANIC_ROCK_VOUCHER_9500,SEASHELLS,663,19
9400,,SUBMISSION,VOLCANIC_ROCK_VOUCHER_9500,SEASHELLS,663,1
9500,SUBMISSION,,RAINFOREST_RESIN,SEASHELLS,9999,1
9500,,SUBMISSION,VOLCANIC_ROCK_VOUCHER_10000,SEASHELLS,176,18
9500,,SUBMISSION,VOLCANIC_ROCK_VOUCHER_9500,SEASHELLS,657,18
9500,SUBMISSION,,VOLCANIC_ROCK_VOUCHER_9750,SEASHELLS,409,18
9700,,SUBMISSION,RAINFOREST_RESIN,SEASHELLS,10001,1
9700,SUBMISSION,,VOLCANIC_ROCK_VOUCHER_10250,SEASHELLS,35,16
9700,SUBMISSION,,VOLCANIC_ROCK_VOUCHER_10250,SEASHELLS,35,2
9700,SUBMISSION,,VOLCANIC_ROCK_VOUCHER_9500,SEASHELLS,660,16
9700,SUBMISSION,,VOLCANIC_ROCK_VOUCHER_9500,SEASHELLS,660,2
9800,SUBMISSION,,KELP,SEASHELLS,2039,3
9800,SUBMISSION,,VOLCANIC_ROCK_VOUCHER_10250,SEASHELLS,35,19
9800,SUBMISSION,,VOLCANIC_ROCK_VOUCHER_10250,SEASHELLS,35,1
9900,,SUBMISSION,KELP,SEASHELLS,2040,7
10000,SUBMISSION,,KELP,SEASHELLS,2038,5
10000,SUBMISSION,,KELP,SEASHELLS,2039,1
10100,SUBMISSION,,VOLCANIC_ROCK_VOUCHER_10000,SEASHELLS,180,17
10100,SUBMISSION,,VOLCANIC_ROCK_VOUCHER_9500,SEASHELLS,663,19
10300,,SUBMISSION,RAINFOREST_RESIN,SEASHELLS,10001,1
10300,SUBMISSION,,VOLCANIC_ROCK_VOUCHER_10250,SEASHELLS,35,16
10300,SUBMISSION,,VOLCANIC_ROCK_VOUCHER_10250,SEASHELLS,35,1
10400,,SUBMISSION,RAINFOREST_RESIN,SEASHELLS,10007,4
10400,,SUBMISSION,VOLCANIC_ROCK_VOUCHER_10250,SEASHELLS,34,15
10400,,SUBMISSION,VOLCANIC_ROCK_VOUCHER_10250,SEASHELLS,34,11
10400,SUBMISSION,,VOLCANIC_ROCK_VOUCHER_9750,SEASHELLS,413,15
10500,,SUBMISSION,VOLCANIC_ROCK_VOUCHER_10000,SEASHELLS,185,16
10500,,SUBMISSION,VOLCANIC_ROCK_VOUCHER_10000,SEASHELLS,185,2
10500,SUBMISSION,,VOLCANIC_ROCK_VOUCHER_9750,SEASHELLS,416,16
10500,SUBMISSION,,VOLCANIC_ROCK_VOUCHER_9750,SEASHELLS,416,2
10600,SUBMISSION,,KELP,SEASHELLS,2038,15
10700,SUBMISSION,,KELP,SEASHELLS,2038,14
10700,,SUBMISSION,VOLCANIC_ROCK_VOUCHER_10250,SEASHELLS,35,17
10700,,SUBMISSION,VOLCANIC_ROCK_VOUCHER_9750,SEASHELLS,415,13
10900,SUBMISSION,,VOLCANIC_ROCK_VOUCHER_10000,SEASHELLS,181,20
10900,SUBMISSION,,VOLCANIC_ROCK_VOUCHER_10000,SEASHELLS,181,2
10900,SUBMISSION,,VOLCANIC_ROCK_VOUCHER_9500,SEASHELLS,665,20
10900,SUBMISSION,,VOLCANIC_ROCK_VOUCHER_9500,SEASHELLS,665,2
10900,,SUBMISSION,VOLCANIC_ROCK_VOUCHER_9750,SEASHELLS,416,20
10900,,SUBMISSION,VOLCANIC_ROCK_VOUCHER_9750,SEASHELLS,416,2
11000,,SUBMISSION,VOLCANIC_ROCK_VOUCHER_10000,SEASHELLS,182,4
11000,,SUBMISSION,VOLCANIC_ROCK_VOUCHER_9500,SEASHELLS,666,11
11000,,SUBMISSION,VOLCANIC_ROCK_VOUCHER_9500,SEASHELLS,666,1
11100,,SUBMISSION,KELP,SEASHELLS,2039,1
11100,,SUBMISSION,VOLCANIC_ROCK_VOUCHER_9500,SEASHELLS,663,10
11200,,SUBMISSION,RAINFOREST_RESIN,SEASHELLS,10000,2
11500,,SUBMISSION,VOLCANIC_ROCK_VOUCHER_10000,SEASHELLS,183,17
11500,SUBMISSION,,VOLCANIC_ROCK_VOUCHER_10250,SEASHELLS,36,8
11600,SUBMISSION,,VOLCANIC_ROCK_VOUCHER_10250,SEASHELLS,36,12
11600,SUBMISSION,,VOLCANIC_ROCK_VOUCHER_9500,SEASHELLS,662,12
11600,,SUBMISSION,VOLCANIC_ROCK_VOUCHER_9750,SEASHELLS,412,12
11700,SUBMISSION,,KELP,SEASHELLS,2037,4
11800,SUBMISSION,,VOLCANIC_ROCK_VOUCHER_10000,SEASHELLS,175,14
11800,,SUBMISSION,VOLCANIC_ROCK_VOUCHER_9500,SEASHELLS,658,12
11800,SUBMISSION,,VOLCANIC_ROCK_VOUCHER_9750,SEASHELLS,410,14
11900,SUBMISSION,,VOLCANIC_ROCK_VOUCHER_10000,SEASHELLS,166,3
11900,,SUBMISSION,VOLCANIC_ROCK_VOUCHER_10250,SEASHELLS,30,15
12000,,SUBMISSION,VOLCANIC_ROCK_VOUCHER_9500,SEASHELLS,638,18
12000,SUBMISSION,,VOLCANIC_ROCK_VOUCHER_9750,SEASHELLS,390,18
12100,,SUBMISSION,VOLCANIC_ROCK_VOUCHER_10000,SEASHELLS,166,11
12100,,SUBMISSION,VOLCANIC_ROCK_VOUCHER_10000,SEASHELLS,166,2
12100,,SUBMISSION,VOLCANIC_ROCK_VOUCHER_10000,SEASHELLS,166,16
12100,,SUBMISSION,VOLCANIC_ROCK_VOUCHER_9500,SEASHELLS,644,16
12100,SUBMISSION,,VOLCANIC_ROCK_VOUCHER_9750,SEASHELLS,396,11
12100,SUBMISSION,,VOLCANIC_ROCK_VOUCHER_9750,SEASHELLS,396,2
12300,SUBMISSION,,VOLCANIC_ROCK_VOUCHER_9500,SEASHELLS,651,18
12300,SUBMISSION,,VOLCANIC_ROCK_VOUCHER_9500,SEASHELLS,651,2
12300,,SUBMISSION,VOLCANIC_ROCK_VOUCHER_9750,SEASHELLS,402,18
12300,,SUBMISSION,VOLCANIC_ROCK_VOUCHER_9750,SEASHELLS,402,2
12400,SUBMISSION,,VOLCANIC_ROCK_VOUCHER_10000,SEASHELLS,165,13
12400,SUBMISSION,,VOLCANIC_ROCK_VOUCHER_10000,SEASHELLS,165,2
12400,,SUBMISSION,VOLCANIC_ROCK_VOUCHER_10250,SEASHELLS,30,13
12400,,SUBMISSION,VOLCANIC_ROCK_VOUCHER_10250,SEASHELLS,30,2
12500,,SUBMISSION,KELP,SEASHELLS,2039,1
12500,SUBMISSION,,VOLCANIC_ROCK_VOUCHER_9500,SEASHELLS,641,10
12500,SUBMISSION,,VOLCANIC_ROCK_VOUCHER_9500,SEASHELLS,641,1
12600,SUBMISSION,,VOLCANIC_ROCK_VOUCHER_10250,SEASHELLS,26,14
12600,SUBMISSION,,VOLCANIC_ROCK_VOUCHER_9500,SEASHELLS,628,14
12600,,SUBMISSION,VOLCANIC_ROCK_VOUCHER_9750,SEASHELLS,380,14
12700,SUBMISSION,,KELP,SEASHELLS,2038,4
12700,,SUBMISSION,VOLCANIC_ROCK_VOUCHER_9500,SEASHELLS,622,11
12800,,SUBMISSION,VOLCANIC_ROCK_VOUCHER_9500,SEASHELLS,613,16
12800,,SUBMISSION,VOLCANIC_ROCK_VOUCHER_9500,SEASHELLS,613,2
13000,SUBMISSION,,VOLCANIC_ROCK_VOUCHER_10000,SEASHELLS,147,14
13000,SUBMISSION,,VOLCANIC_ROCK_VOUCHER_10250,SEASHELLS,25,4
13000,SUBMISSION,,VOLCANIC_ROCK_VOUCHER_9500,SEASHELLS,623,17
13000,SUBMISSION,,VOLCANIC_ROCK_VOUCHER_9500,SEASHELLS,623,1
13000,SUBMISSION,,VOLCANIC_ROCK_VOUCHER_9750,SEASHELLS,375,17
13000,SUBMISSION,,VOLCANIC_ROCK_VOUCHER_9750,SEASHELLS,375,1
13200,,SUBMISSION,KELP,SEASHELLS,2040,13
13300,,SUBMISSION,KELP,SEASHELLS,2040,1
13500,,SUBMISSION,RAINFOREST_RESIN,SEASHELLS,10002,1
13500,SUBMISSION,,VOLCANIC_ROCK_VOUCHER_9750,SEASHELLS,366,5
13600,,SUBMISSION,KELP,SEASHELLS,2040,3
13600,,SUBMISSION,VOLCANIC_ROCK_VOUCHER_10000,SEASHELLS,141,11
13600,,SUBMISSION,VOLCANIC_ROCK_VOUCHER_10000,SEASHELLS,141,1
13600,,SUBMISSION,VOLCANIC_ROCK_VOUCHER_9500,SEASHELLS,615,11
13600,,SUBMISSION,VOLCANIC_ROCK_VOUCHER_9500,SEASHELLS,615,1
13600,SUBMISSION,,VOLCANIC_ROCK_VOUCHER_9750,SEASHELLS,367,11
13600,SUBMISSION,,VOLCANIC_ROCK_VOUCHER_9750,SEASHELLS,367,1
13700,,SUBMISSION,RAINFOREST_RESIN,SEASHELLS,10007,1
13700,SUBMISSION,,VOLCANIC_ROCK_VOUCHER_10000,SEASHELLS,147,12
13700,SUBMISSION,,VOLCANIC_ROCK_VOUCHER_9500,SEASHELLS,621,12
13700,,SUBMISSION,VOLCANIC_ROCK_VOUCHER_9750,SEASHELLS,372,12
14000,,SUBMISSION,VOLCANIC_ROCK_VOUCHER_10000,SEASHELLS,145,16
14000,,SUBMISSION,VOLCANIC_ROCK_VOUCHER_10000,SEASHELLS,145,1
14000,,SUBMISSION,VOLCANIC_ROCK_VOUCHER_9500,SEASHELLS,618,16
14000,,SUBMISSION,VOLCANIC_ROCK_VOUCHER_9500,SEASHELLS,618,1
14000,SUBMISSION,,VOLCANIC_ROCK_VOUCHER_9750,SEASHELLS,370,16
14000,SUBMISSION,,VOLCANIC_ROCK_VOUCHER_9750,SEASHELLS,370,1
14100,,SUBMISSION,KELP,SEASHELLS,2040,1
14100,SUBMISSION,,VOLCANIC_ROCK_VOUCHER_10250,SEASHELLS,25,10
14100,SUBMISSION,,VOLCANIC_ROCK_VOUCHER_10250,SEASHELLS,25,1
14100,SUBMISSION,,VOLCANIC_ROCK_VOUCHER_9500,SEASHELLS,621,10
14100,SUBMISSION,,VOLCANIC_ROCK_VOUCHER_9500,SEASHELLS,621,1
14100,,SUBMISSION,VOLCANIC_ROCK_VOUCHER_9750,SEASHELLS,372,10
14100,,SUBMISSION,VOLCANIC_ROCK_VOUCHER_9750,SEASHELLS,372,1
14200,SUBMISSION,,VOLCANIC_ROCK_VOUCHER_10000,SEASHELLS,149,15
14200,SUBMISSION,,VOLCANIC_ROCK_VOUCHER_10000,SEASHELLS,149,2
14200,,SUBMISSION,VOLCANIC_ROCK_VOUCHER_10250,SEASHELLS,24,11
14200,SUBMISSION,,VOLCANIC_ROCK_VOUCHER_9500,SEASHELLS,624,6
14200,,SUBMISSION,VOLCANIC_ROCK_VOUCHER_9750,SEASHELLS,375,6
14300,,SUBMISSION,RAINFOREST_RESIN,SEASHELLS,10007,2
14700,SUBMISSION,,RAINFOREST_RESIN,SEASHELLS,9997,9
14900,,SUBMISSION,RAINFOREST_RESIN,SEASHELLS,10001,1
15000,SUBMISSION,,RAINFOREST_RESIN,SEASHELLS,9998,3
15100,SUBMISSION,,VOLCANIC_ROCK_VOUCHER_10500,SEASHELLS,2,5
15200,,SUBMISSION,RAINFOREST_RESIN,SEASHELLS,10007,6
15200,,SUBMISSION,RAINFOREST_RESIN,SEASHELLS,10007,2
15300,SUBMISSION,,VOLCANIC_ROCK_VOUCHER_10500,SEASHELLS,2,8
15700,,SUBMISSION,RAINFOREST_RESIN,SEASHELLS,10000,3
15800,SUBMISSION,,VOLCANIC_ROCK_VOUCHER_10500,SEASHELLS,2,4
15900,SUBMISSION,,KELP,SEASHELLS,2040,2
16100,SUBMISSION,,RAINFOREST_RESIN,SEASHELLS,9999,1
16300,SUBMISSION,,VOLCANIC_ROCK_VOUCHER_10250,SEASHELLS,27,19
16400,SUBMISSION,,VOLCANIC_ROCK_VOUCHER_10000,SEASHELLS,156,16
16500,,SUBMISSION,KELP,SEASHELLS,2041,1
16500,,SUBMISSION,VOLCANIC_ROCK_VOUCHER_10000,SEASHELLS,159,16
16600,,SUBMISSION,VOLCANIC_ROCK_VOUCHER_10250,SEASHELLS,28,10
16600,,SUBMISSION,VOLCANIC_ROCK_VOUCHER_10250,SEASHELLS,28,1
16800,,SUBMISSION,VOLCANIC_ROCK_VOUCHER_10000,SEASHELLS,165,20
16800,,SUBMISSION,VOLCANIC_ROCK_VOUCHER_10000,SEASHELLS,165,2
16800,,SUBMISSION,VOLCANIC_ROCK_VOUCHER_10000,SEASHELLS,165,18
16800,,SUBMISSION,VOLCANIC_ROCK_VOUCHER_10250,SEASHELLS,29,8
16800,,SUBMISSION,VOLCANIC_ROCK_VOUCHER_9500,SEASHELLS,643,20
16800,,SUBMISSION,VOLCANIC_ROCK_VOUCHER_9500,SEASHELLS,643,2
16800,,SUBMISSION,VOLCANIC_ROCK_VOUCHER_9500,SEASHELLS,643,18
16800,SUBMISSION,,VOLCANIC_ROCK_VOUCHER_9750,SEASHELLS,395,20
16800,SUBMISSION,,VOLCANIC_ROCK_VOUCHER_9750,SEASHELLS,395,2
16900,,SUBMISSION,KELP,SEASHELLS,2041,1
16900,,SUBMISSION,RAINFOREST_RESIN,SEASHELLS,10003,11
17000,SUBMISSION,,VOLCANIC_ROCK_VOUCHER_10000,SEASHELLS,166,5
17000,SUBMISSION,,VOLCANIC_ROCK_VOUCHER_10250,SEASHELLS,30,5
17000,SUBMISSION,,VOLCANIC_ROCK_VOUCHER_10500,SEASHELLS,2,5
17000,SUBMISSION,,VOLCANIC_ROCK_VOUCHER_9500,SEASHELLS,648,5
17100,SUBMISSION,,KELP,SEASHELLS,2040,10
17200,,SUBMISSION,VOLCANIC_ROCK_VOUCHER_10000,SEASHELLS,170,10
17200,,SUBMISSION,VOLCANIC_ROCK_VOUCHER_10250,SEASHELLS,30,5
17200,,SUBMISSION,VOLCANIC_ROCK_VOUCHER_9500,SEASHELLS,648,13
17200,,SUBMISSION,VOLCANIC_ROCK_VOUCHER_9500,SEASHELLS,648,1
17200,,SUBMISSION,VOLCANIC_ROCK_VOUCHER_9500,SEASHELLS,648,10
17200,SUBMISSION,,VOLCANIC_ROCK_VOUCHER_9750,SEASHELLS,400,13
17200,SUBMISSION,,VOLCANIC_ROCK_VOUCHER_9750,SEASHELLS,400,1
17300,SUBMISSION,,VOLCANIC_ROCK_VOUCHER_10000,SEASHELLS,166,16
17300,SUBMISSION,,VOLCANIC_ROCK_VOUCHER_10000,SEASHELLS,166,1
17500,SUBMISSION,,KELP,SEASHELLS,2039,15
17500,,SUBMISSION,KELP,SEASHELLS,2041,1
17600,SUBMISSION,,KELP,SEASHELLS,2039,12
17600,SUBMISSION,,VOLCANIC_ROCK_VOUCHER_10000,SEASHELLS,159,13
17600,SUBMISSION,,VOLCANIC_ROCK_VOUCHER_10000,SEASHELLS,159,1
17600,,SUBMISSION,VOLCANIC_ROCK_VOUCHER_10250,SEASHELLS,28,13
17600,,SUBMISSION,VOLCANIC_ROCK_VOUCHER_10250,SEASHELLS,28,1
17900,,SUBMISSION,KELP,SEASHELLS,2040,1
17900,SUBMISSION,,KELP,SEASHELLS,2039,12
17900,,SUBMISSION,VOLCANIC_ROCK_VOUCHER_9500,SEASHELLS,637,16
17900,SUBMISSION,,VOLCANIC_ROCK_VOUCHER_9750,SEASHELLS,389,16
18000,SUBMISSION,,VOLCANIC_ROCK_VOUCHER_10000,SEASHELLS,159,14
18100,,SUBMISSION,KELP,SEASHELLS,2040,3
18100,SUBMISSION,,VOLCANIC_ROCK_VOUCHER_9500,SEASHELLS,639,14
18200,,SUBMISSION,RAINFOREST_RESIN,SEASHELLS,10001,1
18200,,SUBMISSION,VOLCANIC_ROCK_VOUCHER_10000,SEASHELLS,162,12
18200,,SUBMISSION,VOLCANIC_ROCK_VOUCHER_10000,SEASHELLS,162,2
18200,SUBMISSION,,VOLCANIC_ROCK_VOUCHER_10250,SEASHELLS,29,12
18200,SUBMISSION,,VOLCANIC_ROCK_VOUCHER_10250,SEASHELLS,29,2
18200,,SUBMISSION,VOLCANIC_ROCK_VOUCHER_9500,SEASHELLS,638,12
18200,,SUBMISSION,VOLCANIC_ROCK_VOUCHER_9500,SEASHELLS,638,2
18200,SUBMISSION,,VOLCANIC_ROCK_VOUCHER_9750,SEASHELLS,390,12
18200,SUBMISSION,,VOLCANIC_ROCK_VOUCHER_9750,SEASHELLS,390,2
18500,SUBMISSION,,RAINFOREST_RESIN,SEASHELLS,9999,1
18500,SUBMISSION,,VOLCANIC_ROCK_VOUCHER_9500,SEASHELLS,636,17
18500,,SUBMISSION,VOLCANIC_ROCK_VOUCHER_9750,SEASHELLS,386,17
18700,,SUBMISSION,VOLCANIC_ROCK_VOUCHER_10000,SEASHELLS,157,17
18700,,SUBMISSION,VOLCANIC_ROCK_VOUCHER_10000,SEASHELLS,157,1
18700,,SUBMISSION,VOLCANIC_ROCK_VOUCHER_9500,SEASHELLS,633,17
18700,,SUBMISSION,VOLCANIC_ROCK_VOUCHER_9500,SEASHELLS,633,1
18700,SUBMISSION,,VOLCANIC_ROCK_VOUCHER_9750,SEASHELLS,385,17
18700,SUBMISSION,,VOLCANIC_ROCK_VOUCHER_9750,SEASHELLS,385,1
18900,SUBMISSION,,KELP,SEASHELLS,2038,1
18900,SUBMISSION,,RAINFOREST_RESIN,SEASHELLS,9999,1
19000,,SUBMISSION,KELP,SEASHELLS,2040,15
19000,SUBMISSION,,VOLCANIC_ROCK_VOUCHER_10000,SEASHELLS,159,20
19000,SUBMISSION,,VOLCANIC_ROCK_VOUCHER_10000,SEASHELLS,159,1
19000,SUBMISSION,,VOLCANIC_ROCK_VOUCHER_9500,SEASHELLS,636,20
19000,SUBMISSION,,VOLCANIC_ROCK_VOUCHER_9500,SEASHELLS,636,1
19000,,SUBMISSION,VOLCANIC_ROCK_VOUCHER_9750,SEASHELLS,388,20
19000,,SUBMISSION,VOLCANIC_ROCK_VOUCHER_9750,SEASHELLS,388,1
19000,,SUBMISSION,VOLCANIC_ROCK_VOUCHER_9750,SEASHELLS,388,14
19100,,SUBMISSION,VOLCANIC_ROCK_VOUCHER_10000,SEASHELLS,155,11
19100,,SUBMISSION,VOLCANIC_ROCK_VOUCHER_10000,SEASHELLS,155,1
19100,,SUBMISSION,VOLCANIC_ROCK_VOUCHER_9500,SEASHELLS,630,11
19100,,SUBMISSION,VOLCANIC_ROCK_VOUCHER_9500,SEASHELLS,630,1
19100,SUBMISSION,,VOLCANIC_ROCK_VOUCHER_9750,SEASHELLS,382,11
19100,SUBMISSION,,VOLCANIC_ROCK_VOUCHER_9750,SEASHELLS,382,1
19200,SUBMISSION,,RAINFOREST_RESIN,SEASHELLS,9999,1
19300,,SUBMISSION,VOLCANIC_ROCK_VOUCHER_10000,SEASHELLS,159,10
19300,,SUBMISSION,VOLCANIC_ROCK_VOUCHER_10000,SEASHELLS,159,1
19300,,SUBMISSION,VOLCANIC_ROCK_VOUCHER_9500,SEASHELLS,635,10
19300,,SUBMISSION,VOLCANIC_ROCK_VOUCHER_9500,SEASHELLS,635,1
19300,SUBMISSION,,VOLCANIC_ROCK_VOUCHER_9750,SEASHELLS,387,10
19300,SUBMISSION,,VOLCANIC_ROCK_VOUCHER_9750,SEASHELLS,387,1
19400,,SUBMISSION,KELP,SEASHELLS,2040,1
19400,SUBMISSION,,VOLCANIC_ROCK_VOUCHER_9500,SEASHELLS,637,20
19400,SUBMISSION,,VOLCANIC_ROCK_VOUCHER_9500,SEASHELLS,637,2
19500,SUBMISSION,,VOLCANIC_ROCK_VOUCHER_9500,SEASHELLS,636,14
19500,SUBMISSION,,VOLCANIC_ROCK_VOUCHER_9500,SEASHELLS,636,2
19600,SUBMISSION,,VOLCANIC_ROCK_VOUCHER_10000,SEASHELLS,155,14
19600,SUBMISSION,,VOLCANIC_ROCK_VOUCHER_10000,SEASHELLS,155,2
19600,,SUBMISSION,VOLCANIC_ROCK_VOUCHER_10250,SEASHELLS,27,14
19600,,SUBMISSION,VOLCANIC_ROCK_VOUCHER_10250,SEASHELLS,27,2
19700,,SUBMISSION,RAINFOREST_RESIN,SEASHELLS,10001,1
19700,SUBMISSION,,VOLCANIC_ROCK_VOUCHER_10000,SEASHELLS,160,16
19700,SUBMISSION,,VOLCANIC_ROCK_VOUCHER_10000,SEASHELLS,160,1
19700,SUBMISSION,,VOLCANIC_ROCK_VOUCHER_10250,SEASHELLS,28,16
19700,SUBMISSION,,VOLCANIC_ROCK_VOUCHER_9500,SEASHELLS,637,16
19700,SUBMISSION,,VOLCANIC_ROCK_VOUCHER_9500,SEASHELLS,637,1
19700,,SUBMISSION,VOLCANIC_ROCK_VOUCHER_9750,SEASHELLS,388,16
19700,,SUBMISSION,VOLCANIC_ROCK_VOUCHER_9750,SEASHELLS,388,1
20100,SUBMISSION,,KELP,SEASHELLS,2038,1
20200,,SUBMISSION,VOLCANIC_ROCK_VOUCHER_10000,SEASHELLS,165,12
20200,,SUBMISSION,VOLCANIC_ROCK_VOUCHER_10000,SEASHELLS,165,1
20200,,SUBMISSION,VOLCANIC_ROCK_VOUCHER_10000,SEASHELLS,165,7
20200,,SUBMISSION,VOLCANIC_ROCK_VOUCHER_9500,SEASHELLS,643,12
20200,,SUBMISSION,VOLCANIC_ROCK_VOUCHER_9500,SEASHELLS,643,1
20200,,SUBMISSION,VOLCANIC_ROCK_VOUCHER_9500,SEASHELLS,643,7
20200,SUBMISSION,,VOLCANIC_ROCK_VOUCHER_9750,SEASHELLS,395,12
20200,SUBMISSION,,VOLCANIC_ROCK_VOUCHER_9750,SEASHELLS,395,1
20400,SUBMISSION,,RAINFOREST_RESIN,SEASHELLS,9997,10
20400,SUBMISSION,,VOLCANIC_ROCK_VOUCHER_9500,SEASHELLS,646,18
20400,SUBMISSION,,VOLCANIC_ROCK_VOUCHER_9500,SEASHELLS,646,2
20500,SUBMISSION,,KELP,SEASHELLS,2038,2
20600,SUBMISSION,,KELP,SEASHELLS,2037,3
20700,,SUBMISSION,RAINFOREST_RESIN,SEASHELLS,10002,5
20800,,SUBMISSION,KELP,SEASHELLS,2039,1
20900,SUBMISSION,,VOLCANIC_ROCK_VOUCHER_10000,SEASHELLS,160,14
21000,,SUBMISSION,RAINFOREST_RESIN,SEASHELLS,10001,1
21100,,SUBMISSION,KELP,SEASHELLS,2039,12
21100,SUBMISSION,,RAINFOREST_RESIN,SEASHELLS,9993,6
21100,SUBMISSION,,VOLCANIC_ROCK_VOUCHER_9500,SEASHELLS,645,15
21100,SUBMISSION,,VOLCANIC_ROCK_VOUCHER_9500,SEASHELLS,645,1
21100,,SUBMISSION,VOLCANIC_ROCK_VOUCHER_9750,SEASHELLS,395,15
21100,,SUBMISSION,VOLCANIC_ROCK_VOUCHER_9750,SEASHELLS,395,1
21200,,SUBMISSION,VOLCANIC_ROCK_VOUCHER_10000,SEASHELLS,167,15
21200,,SUBMISSION,VOLCANIC_ROCK_VOUCHER_9500,SEASHELLS,644,15
21200,SUBMISSION,,VOLCANIC_ROCK_VOUCHER_9750,SEASHELLS,396,15
21300,,SUBMISSION,RAINFOREST_RESIN,SEASHELLS,10007,8
21400,,SUBMISSION,RAINFOREST_RESIN,SEASHELLS,10007,5
21400,,SUBMISSION,VOLCANIC_ROCK_VOUCHER_10250,SEASHELLS,30,18
21400,SUBMISSION,,VOLCANIC_ROCK_VOUCHER_9500,SEASHELLS,648,18
21500,SUBMISSION,,VOLCANIC_ROCK_VOUCHER_10000,SEASHELLS,165,17
21500,SUBMISSION,,VOLCANIC_ROCK_VOUCHER_10000,SEASHELLS,165,2
21600,,SUBMISSION,RAINFOREST_RESIN,SEASHELLS,10001,1
21600,,SUBMISSION,RAINFOREST_RESIN,SEASHELLS,10007,1
21600,SUBMISSION,,VOLCANIC_ROCK_VOUCHER_9500,SEASHELLS,651,4
21600,,SUBMISSION,VOLCANIC_ROCK_VOUCHER_9750,SEASHELLS,401,20
21600,,SUBMISSION,VOLCANIC_ROCK_VOUCHER_9750,SEASHELLS,401,1
21700,,SUBMISSION,VOLCANIC_ROCK_VOUCHER_10000,SEASHELLS,172,14
21700,,SUBMISSION,VOLCANIC_ROCK_VOUCHER_10000,SEASHELLS,172,2
21700,SUBMISSION,,VOLCANIC_ROCK_VOUCHER_10250,SEASHELLS,31,14
21700,SUBMISSION,,VOLCANIC_ROCK_VOUCHER_10250,SEASHELLS,31,2
21700,,SUBMISSION,VOLCANIC_ROCK_VOUCHER_9500,SEASHELLS,648,14
21700,,SUBMISSION,VOLCANIC_ROCK_VOUCHER_9500,SEASHELLS,648,2
21700,SUBMISSION,,VOLCANIC_ROCK_VOUCHER_9750,SEASHELLS,400,14
21700,SUBMISSION,,VOLCANIC_ROCK_VOUCHER_9750,SEASHELLS,400,2
21800,SUBMISSION,,RAINFOREST_RESIN,SEASHELLS,9998,4
21900,SUBMISSION,,VOLCANIC_ROCK_VOUCHER_10000,SEASHELLS,164,13
22000,SUBMISSION,,VOLCANIC_ROCK_VOUCHER_10250,SEASHELLS,30,2
22000,SUBMISSION,,VOLCANIC_ROCK_VOUCHER_9500,SEASHELLS,643,12
22200,,SUBMISSION,RAINFOREST_RESIN,SEASHELLS,10001,1
22200,SUBMISSION,,VOLCANIC_ROCK_VOUCHER_10000,SEASHELLS,159,16
22200,SUBMISSION,,VOLCANIC_ROCK_VOUCHER_10000,SEASHELLS,159,1
22300,,SUBMISSION,RAINFOREST_RESIN,SEASHELLS,10001,1
22300,,SUBMISSION,VOLCANIC_ROCK_VOUCHER_10000,SEASHELLS,162,11
22300,,SUBMISSION,VOLCANIC_ROCK_VOUCHER_10000,SEASHELLS,162,2
22300,,SUBMISSION,VOLCANIC_ROCK_VOUCHER_10000,SEASHELLS,162,20
22400,,SUBMISSION,RAINFOREST_RESIN,SEASHELLS,10002,5
22400,SUBMISSION,,VOLCANIC_ROCK_VOUCHER_10000,SEASHELLS,158,19
22500,SUBMISSION,,VOLCANIC_ROCK_VOUCHER_10000,SEASHELLS,158,10
22800,,SUBMISSION,VOLCANIC_ROCK_VOUCHER_10000,SEASHELLS,163,7
22800,SUBMISSION,,VOLCANIC_ROCK_VOUCHER_9500,SEASHELLS,642,4
23000,,SUBMISSION,VOLCANIC_ROCK_VOUCHER_9750,SEASHELLS,393,18
23200,,SUBMISSION,VOLCANIC_ROCK_VOUCHER_10000,SEASHELLS,168,17
23200,,SUBMISSION,VOLCANIC_ROCK_VOUCHER_10000,SEASHELLS,168,1
23200,,SUBMISSION,VOLCANIC_ROCK_VOUCHER_9500,SEASHELLS,645,17
23200,,SUBMISSION,VOLCANIC_ROCK_VOUCHER_9500,SEASHELLS,645,1
23200,SUBMISSION,,VOLCANIC_ROCK_VOUCHER_9750,SEASHELLS,397,17
23200,SUBMISSION,,VOLCANIC_ROCK_VOUCHER_9750,SEASHELLS,397,1
23300,,SUBMISSION,VOLCANIC_ROCK_VOUCHER_10250,SEASHELLS,30,14
23400,SUBMISSION,,VOLCANIC_ROCK_VOUCHER_10000,SEASHELLS,165,13
23400,SUBMISSION,,VOLCANIC_ROCK_VOUCHER_10000,SEASHELLS,165,1
23400,,SUBMISSION,VOLCANIC_ROCK_VOUCHER_10250,SEASHELLS,30,13
23400,,SUBMISSION,VOLCANIC_ROCK_VOUCHER_10250,SEASHELLS,30,1
23500,,SUBMISSION,RAINFOREST_RESIN,SEASHELLS,10007,1
23500,SUBMISSION,,VOLCANIC_ROCK_VOUCHER_9500,SEASHELLS,644,18
23500,,SUBMISSION,VOLCANIC_ROCK_VOUCHER_9750,SEASHELLS,394,19
23500,,SUBMISSION,VOLCANIC_ROCK_VOUCHER_9750,SEASHELLS,394,2
23800,SUBMISSION,,VOLCANIC_ROCK_VOUCHER_10000,SEASHELLS,163,4
23800,,SUBMISSION,VOLCANIC_ROCK_VOUCHER_10250,SEASHELLS,29,20
23800,,SUBMISSION,VOLCANIC_ROCK_VOUCHER_10250,SEASHELLS,29,2
23900,,SUBMISSION,KELP,SEASHELLS,2040,1
23900,,SUBMISSION,VOLCANIC_ROCK_VOUCHER_10250,SEASHELLS,28,12
24100,,SUBMISSION,RAINFOREST_RESIN,SEASHELLS,10003,9
24100,,SUBMISSION,VOLCANIC_ROCK_VOUCHER_10250,SEASHELLS,29,14
24100,,SUBMISSION,VOLCANIC_ROCK_VOUCHER_10250,SEASHELLS,29,1
24200,,SUBMISSION,VOLCANIC_ROCK_VOUCHER_9500,SEASHELLS,645,19
24200,,SUBMISSION,VOLCANIC_ROCK_VOUCHER_9500,SEASHELLS,645,1
24200,SUBMISSION,,VOLCANIC_ROCK_VOUCHER_9750,SEASHELLS,397,19
24200,SUBMISSION,,VOLCANIC_ROCK_VOUCHER_9750,SEASHELLS,397,1
24300,,SUBMISSION,KELP,SEASHELLS,2039,1
24500,SUBMISSION,,RAINFOREST_RESIN,SEASHELLS,9998,5
24600,SUBMISSION,,VOLCANIC_ROCK_VOUCHER_9750,SEASHELLS,399,14
24900,,SUBMISSION,VOLCANIC_ROCK_VOUCHER_10250,SEASHELLS,29,10
24900,,SUBMISSION,VOLCANIC_ROCK_VOUCHER_10250,SEASHELLS,29,1
24900,,SUBMISSION,VOLCANIC_ROCK_VOUCHER_9500,SEASHELLS,642,10
24900,,SUBMISSION,VOLCANIC_ROCK_VOUCHER_9500,SEASHELLS,642,1
24900,SUBMISSION,,VOLCANIC_ROCK_VOUCHER_9750,SEASHELLS,394,10
24900,SUBMISSION,,VOLCANIC_ROCK_VOUCHER_9750,SEASHELLS,394,1
25000,,SUBMISSION,RAINFOREST_RESIN,SEASHELLS,10001,1
25000,SUBMISSION,,VOLCANIC_ROCK_VOUCHER_10000,SEASHELLS,162,18
25100,,SUBMISSION,RAINFOREST_RESIN,SEASHELLS,10007,2
25300,SUBMISSION,,RAINFOREST_RESIN,SEASHELLS,9999,1
25300,,SUBMISSION,VOLCANIC_ROCK_VOUCHER_10000,SEASHELLS,166,16
25400,SUBMISSION,,KELP,SEASHELLS,2038,12
25400,,SUBMISSION,KELP,SEASHELLS,2040,11
25500,,SUBMISSION,RAINFOREST_RESIN,SEASHELLS,10002,3
25600,,SUBMISSION,KELP,SEASHELLS,2040,0
25600,,SUBMISSION,KELP,SEASHELLS,2040,5
25600,,SUBMISSION,KELP,SEASHELLS,2040,0
25700,,SUBMISSION,KELP,SEASHELLS,2040,1
25800,SUBMISSION,,VOLCANIC_ROCK_VOUCHER_10250,SEASHELLS,31,16
25800,SUBMISSION,,VOLCANIC_ROCK_VOUCHER_10250,SEASHELLS,31,2
25800,SUBMISSION,,VOLCANIC_ROCK_VOUCHER_9500,SEASHELLS,649,16
25800,SUBMISSION,,VOLCANIC_ROCK_VOUCHER_9500,SEASHELLS,649,2
25900,,SUBMISSION,RAINFOREST_RESIN,SEASHELLS,10001,1
25900,SUBMISSION,,VOLCANIC_ROCK_VOUCHER_9500,SEASHELLS,647,13
26000,,SUBMISSION,VOLCANIC_ROCK_VOUCHER_10000,SEASHELLS,164,2
26000,,SUBMISSION,VOLCANIC_ROCK_VOUCHER_10250,SEASHELLS,30,18
26000,,SUBMISSION,VOLCANIC_ROCK_VOUCHER_10250,SEASHELLS,30,2
26100,,SUBMISSION,KELP,SEASHELLS,2040,2
26200,,SUBMISSION,RAINFOREST_RESIN,SEASHELLS,10007,6
26500,SUBMISSION,,KELP,SEASHELLS,2039,4
26500,,SUBMISSION,RAINFOREST_RESIN,SEASHELLS,10007,10
26700,SUBMISSION,,KELP,SEASHELLS,2039,15
26700,SUBMISSION,,KELP,SEASHELLS,2039,2
26800,SUBMISSION,,VOLCANIC_ROCK_VOUCHER_10250,SEASHELLS,28,20
26900,,SUBMISSION,KELP,SEASHELLS,2040,1
26900,,SUBMISSION,KELP,SEASHELLS,2040,10
27000,,SUBMISSION,RAINFOREST_RESIN,SEASHELLS,10001,1
27100,SUBMISSION,,KELP,SEASHELLS,2039,8
27100,SUBMISSION,,VOLCANIC_ROCK_VOUCHER_10000,SEASHELLS,160,3
27100,SUBMISSION,,VOLCANIC_ROCK_VOUCHER_10500,SEASHELLS,2,3
27200,SUBMISSION,,RAINFOREST_RESIN,SEASHELLS,9993,8
27200,,SUBMISSION,VOLCANIC_ROCK_VOUCHER_10000,SEASHELLS,160,3
27200,SUBMISSION,,VOLCANIC_ROCK_VOUCHER_10250,SEASHELLS,29,16
27200,SUBMISSION,,VOLCANIC_ROCK_VOUCHER_10250,SEASHELLS,29,2
27300,,SUBMISSION,VOLCANIC_ROCK_VOUCHER_10250,SEASHELLS,28,12
27300,,SUBMISSION,VOLCANIC_ROCK_VOUCHER_10250,SEASHELLS,28,2
27500,SUBMISSION,,KELP,SEASHELLS,2039,5
27500,,SUBMISSION,RAINFOREST_RESIN,SEASHELLS,10007,4
27500,SUBMISSION,,VOLCANIC_ROCK_VOUCHER_10250,SEASHELLS,30,19
27500,SUBMISSION,,VOLCANIC_ROCK_VOUCHER_10250,SEASHELLS,30,2
27600,,SUBMISSION,VOLCANIC_ROCK_VOUCHER_10250,SEASHELLS,29,19
27600,,SUBMISSION,VOLCANIC_ROCK_VOUCHER_10250,SEASHELLS,29,2
27600,,SUBMISSION,VOLCANIC_ROCK_VOUCHER_10250,SEASHELLS,29,13
27700,,SUBMISSION,KELP,SEASHELLS,2040,1
27800,SUBMISSION,,VOLCANIC_ROCK_VOUCHER_10000,SEASHELLS,163,14
27800,SUBMISSION,,VOLCANIC_ROCK_VOUCHER_10000,SEASHELLS,163,2
27900,,SUBMISSION,VOLCANIC_ROCK_VOUCHER_10000,SEASHELLS,164,16
27900,,SUBMISSION,VOLCANIC_ROCK_VOUCHER_10250,SEASHELLS,30,18
28000,,SUBMISSION,RAINFOREST_RESIN,SEASHELLS,10001,1
28100,,SUBMISSION,RAINFOREST_RESIN,SEASHELLS,10001,1
28200,,SUBMISSION,RAINFOREST_RESIN,SEASHELLS,10001,1
28200,SUBMISSION,,RAINFOREST_RESIN,SEASHELLS,9993,6
28500,SUBMISSION,,VOLCANIC_ROCK_VOUCHER_10250,SEASHELLS,33,18
28500,SUBMISSION,,VOLCANIC_ROCK_VOUCHER_10250,SEASHELLS,33,2
28700,,SUBMISSION,VOLCANIC_ROCK_VOUCHER_10250,SEASHELLS,32,17
28700,,SUBMISSION,VOLCANIC_ROCK_VOUCHER_10250,SEASHELLS,32,1
28700,,SUBMISSION,VOLCANIC_ROCK_VOUCHER_9750,SEASHELLS,405,17
28700,,SUBMISSION,VOLCANIC_ROCK_VOUCHER_9750,SEASHELLS,405,1
28800,SUBMISSION,,VOLCANIC_ROCK_VOUCHER_10250,SEASHELLS,33,12
28800,SUBMISSION,,VOLCANIC_ROCK_VOUCHER_10250,SEASHELLS,33,2
28900,SUBMISSION,,VOLCANIC_ROCK_VOUCHER_9500,SEASHELLS,655,14
28900,SUBMISSION,,VOLCANIC_ROCK_VOUCHER_9500,SEASHELLS,655,1
28900,,SUBMISSION,VOLCANIC_ROCK_VOUCHER_9750,SEASHELLS,406,14
28900,,SUBMISSION,VOLCANIC_ROCK_VOUCHER_9750,SEASHELLS,406,1
29000,,SUBMISSION,VOLCANIC_ROCK_VOUCHER_9500,SEASHELLS,657,15
29000,,SUBMISSION,VOLCANIC_ROCK_VOUCHER_9750,SEASHELLS,408,17
29000,,SUBMISSION,VOLCANIC_ROCK_VOUCHER_9750,SEASHELLS,408,1
29100,SUBMISSION,,VOLCANIC_ROCK_VOUCHER_10250,SEASHELLS,33,19
29100,SUBMISSION,,VOLCANIC_ROCK_VOUCHER_10250,SEASHELLS,33,2
29200,SUBMISSION,,RAINFOREST_RESIN,SEASHELLS,10000,2
29200,SUBMISSION,,VOLCANIC_ROCK_VOUCHER_10250,SEASHELLS,33,18
29200,SUBMISSION,,VOLCANIC_ROCK_VOUCHER_10250,SEASHELLS,33,1
29300,,SUBMISSION,RAINFOREST_RESIN,SEASHELLS,10001,1
29300,SUBMISSION,,VOLCANIC_ROCK_VOUCHER_10250,SEASHELLS,33,16
29400,,SUBMISSION,VOLCANIC_ROCK_VOUCHER_10000,SEASHELLS,176,10
29400,,SUBMISSION,VOLCANIC_ROCK_VOUCHER_10000,SEASHELLS,176,1
29400,,SUBMISSION,VOLCANIC_ROCK_VOUCHER_10250,SEASHELLS,34,10
29400,,SUBMISSION,VOLCANIC_ROCK_VOUCHER_10250,SEASHELLS,34,1
29400,,SUBMISSION,VOLCANIC_ROCK_VOUCHER_9500,SEASHELLS,660,10
29400,,SUBMISSION,VOLCANIC_ROCK_VOUCHER_9500,SEASHELLS,660,1
29400,SUBMISSION,,VOLCANIC_ROCK_VOUCHER_9750,SEASHELLS,411,10
29400,SUBMISSION,,VOLCANIC_ROCK_VOUCHER_9750,SEASHELLS,411,1
29600,SUBMISSION,,VOLCANIC_ROCK_VOUCHER_9500,SEASHELLS,656,11
29700,,SUBMISSION,VOLCANIC_ROCK_VOUCHER_10000,SEASHELLS,175,10
29700,,SUBMISSION,VOLCANIC_ROCK_VOUCHER_10000,SEASHELLS,175,15
29700,SUBMISSION,,VOLCANIC_ROCK_VOUCHER_10250,SEASHELLS,33,10
29800,,SUBMISSION,RAINFOREST_RESIN,SEASHELLS,10002,4
29800,SUBMISSION,,VOLCANIC_ROCK_VOUCHER_10250,SEASHELLS,34,18
29800,SUBMISSION,,VOLCANIC_ROCK_VOUCHER_10250,SEASHELLS,34,1
29900,,SUBMISSION,KELP,SEASHELLS,2038,4
29900,,SUBMISSION,VOLCANIC_ROCK_VOUCHER_10000,SEASHELLS,178,16
29900,,SUBMISSION,VOLCANIC_ROCK_VOUCHER_10000,SEASHELLS,178,2
29900,,SUBMISSION,VOLCANIC_ROCK_VOUCHER_10000,SEASHELLS,178,17
30000,,SUBMISSION,KELP,SEASHELLS,2039,1
30000,,SUBMISSION,KELP,SEASHELLS,2038,2
30000,SUBMISSION,,VOLCANIC_ROCK_VOUCHER_10250,SEASHELLS,33,7
30100,SUBMISSION,,VOLCANIC_ROCK_VOUCHER_10250,SEASHELLS,33,17
30200,SUBMISSION,,RAINFOREST_RESIN,SEASHELLS,9993,1
30200,,SUBMISSION,VOLCANIC_ROCK_VOUCHER_10000,SEASHELLS,173,12
30300,,SUBMISSION,RAINFOREST_RESIN,SEASHELLS,10001,1
30400,SUBMISSION,,VOLCANIC_ROCK_VOUCHER_10000,SEASHELLS,165,13
30400,,SUBMISSION,VOLCANIC_ROCK_VOUCHER_10250,SEASHELLS,29,13
30600,,SUBMISSION,KELP,SEASHELLS,2038,4
30600,SUBMISSION,,RAINFOREST_RESIN,SEASHELLS,9998,4
30700,,SUBMISSION,VOLCANIC_ROCK_VOUCHER_10000,SEASHELLS,167,10
30700,,SUBMISSION,VOLCANIC_ROCK_VOUCHER_10000,SEASHELLS,167,2
30700,,SUBMISSION,VOLCANIC_ROCK_VOUCHER_10250,SEASHELLS,30,10
30700,,SUBMISSION,VOLCANIC_ROCK_VOUCHER_10250,SEASHELLS,30,2
30700,,SUBMISSION,VOLCANIC_ROCK_VOUCHER_9500,SEASHELLS,649,10
30700,,SUBMISSION,VOLCANIC_ROCK_VOUCHER_9500,SEASHELLS,649,2
30700,SUBMISSION,,VOLCANIC_ROCK_VOUCHER_9750,SEASHELLS,400,10
30700,SUBMISSION,,VOLCANIC_ROCK_VOUCHER_9750,SEASHELLS,400,2
30800,,SUBMISSION,KELP,SEASHELLS,2038,1
30800,,SUBMISSION,RAINFOREST_RESIN,SEASHELLS,10001,1
30900,,SUBMISSION,KELP,SEASHELLS,2038,2
30900,,SUBMISSION,RAINFOREST_RESIN,SEASHELLS,10007,4
30900,SUBMISSION,,VOLCANIC_ROCK_VOUCHER_10250,SEASHELLS,31,8
30900,SUBMISSION,,VOLCANIC_ROCK_VOUCHER_9500,SEASHELLS,649,12
31000,SUBMISSION,,VOLCANIC_ROCK_VOUCHER_10000,SEASHELLS,163,13
31000,SUBMISSION,,VOLCANIC_ROCK_VOUCHER_10000,SEASHELLS,163,2
31200,SUBMISSION,,VOLCANIC_ROCK_VOUCHER_10000,SEASHELLS,165,15
31200,SUBMISSION,,VOLCANIC_ROCK_VOUCHER_10000,SEASHELLS,165,1
31300,,SUBMISSION,KELP,SEASHELLS,2038,2
31300,,SUBMISSION,VOLCANIC_ROCK_VOUCHER_9750,SEASHELLS,392,10
31300,,SUBMISSION,VOLCANIC_ROCK_VOUCHER_9750,SEASHELLS,392,1
31500,SUBMISSION,,VOLCANIC_ROCK_VOUCHER_10000,SEASHELLS,159,16
31500,,SUBMISSION,VOLCANIC_ROCK_VOUCHER_10250,SEASHELLS,28,16
31500,,SUBMISSION,VOLCANIC_ROCK_VOUCHER_10250,SEASHELLS,28,13
31600,,SUBMISSION,VOLCANIC_ROCK_VOUCHER_9500,SEASHELLS,642,18
31600,SUBMISSION,,VOLCANIC_ROCK_VOUCHER_9750,SEASHELLS,394,18
31700,,SUBMISSION,KELP,SEASHELLS,2038,2
31700,,SUBMISSION,VOLCANIC_ROCK_VOUCHER_10000,SEASHELLS,165,13
31700,,SUBMISSION,VOLCANIC_ROCK_VOUCHER_10000,SEASHELLS,165,1
31700,SUBMISSION,,VOLCANIC_ROCK_VOUCHER_10250,SEASHELLS,30,13
31700,SUBMISSION,,VOLCANIC_ROCK_VOUCHER_10250,SEASHELLS,30,1
31700,,SUBMISSION,VOLCANIC_ROCK_VOUCHER_9500,SEASHELLS,643,13
31700,,SUBMISSION,VOLCANIC_ROCK_VOUCHER_9500,SEASHELLS,643,1
31700,SUBMISSION,,VOLCANIC_ROCK_VOUCHER_9750,SEASHELLS,395,13
31700,SUBMISSION,,VOLCANIC_ROCK_VOUCHER_9750,SEASHELLS,395,1
32000,,SUBMISSION,KELP,SEASHELLS,2038,1
32100,,SUBMISSION,KELP,SEASHELLS,2038,1
32100,SUBMISSION,,VOLCANIC_ROCK_VOUCHER_10000,SEASHELLS,160,1
32100,SUBMISSION,,VOLCANIC_ROCK_VOUCHER_10500,SEASHELLS,2,1
32100,SUBMISSION,,VOLCANIC_ROCK_VOUCHER_9500,SEASHELLS,637,1
32200,SUBMISSION,,KELP,SEASHELLS,2037,3
32300,,SUBMISSION,KELP,SEASHELLS,2039,1
32300,SUBMISSION,,VOLCANIC_ROCK_VOUCHER_10000,SEASHELLS,159,13
32300,SUBMISSION,,VOLCANIC_ROCK_VOUCHER_10000,SEASHELLS,159,2
32300,SUBMISSION,,VOLCANIC_ROCK_VOUCHER_10250,SEASHELLS,28,13
32300,SUBMISSION,,VOLCANIC_ROCK_VOUCHER_10250,SEASHELLS,28,2
32300,SUBMISSION,,VOLCANIC_ROCK_VOUCHER_9500,SEASHELLS,637,13
32300,SUBMISSION,,VOLCANIC_ROCK_VOUCHER_9500,SEASHELLS,637,2
32400,SUBMISSION,,VOLCANIC_ROCK_VOUCHER_10000,SEASHELLS,155,15
32400,SUBMISSION,,VOLCANIC_ROCK_VOUCHER_10000,SEASHELLS,155,2
32400,,SUBMISSION,VOLCANIC_ROCK_VOUCHER_10250,SEASHELLS,27,15
32400,,SUBMISSION,VOLCANIC_ROCK_VOUCHER_10250,SEASHELLS,27,2
32500,,SUBMISSION,KELP,SEASHELLS,2039,1
32500,SUBMISSION,,VOLCANIC_ROCK_VOUCHER_10250,SEASHELLS,28,13
32500,SUBMISSION,,VOLCANIC_ROCK_VOUCHER_10250,SEASHELLS,28,2
32500,SUBMISSION,,VOLCANIC_ROCK_VOUCHER_9500,SEASHELLS,637,13
32500,SUBMISSION,,VOLCANIC_ROCK_VOUCHER_9500,SEASHELLS,637,2
32600,,SUBMISSION,RAINFOREST_RESIN,SEASHELLS,10003,8
32600,SUBMISSION,,VOLCANIC_ROCK_VOUCHER_10250,SEASHELLS,29,2
32600,SUBMISSION,,VOLCANIC_ROCK_VOUCHER_9500,SEASHELLS,641,1
32700,,SUBMISSION,KELP,SEASHELLS,2039,1
32700,SUBMISSION,,RAINFOREST_RESIN,SEASHELLS,9999,1
32700,SUBMISSION,,VOLCANIC_ROCK_VOUCHER_10000,SEASHELLS,159,15
32700,SUBMISSION,,VOLCANIC_ROCK_VOUCHER_10000,SEASHELLS,159,1
32800,,SUBMISSION,VOLCANIC_ROCK_VOUCHER_10250,SEASHELLS,28,19
32800,,SUBMISSION,VOLCANIC_ROCK_VOUCHER_10250,SEASHELLS,28,1
32900,,SUBMISSION,KELP,SEASHELLS,2040,15
32900,SUBMISSION,,RAINFOREST_RESIN,SEASHELLS,9999,1
32900,SUBMISSION,,VOLCANIC_ROCK_VOUCHER_10250,SEASHELLS,29,20
33000,SUBMISSION,,KELP,SEASHELLS,2038,4
33200,,SUBMISSION,KELP,SEASHELLS,2039,1
33200,,SUBMISSION,VOLCANIC_ROCK_VOUCHER_10250,SEASHELLS,27,16
33400,,SUBMISSION,KELP,SEASHELLS,2040,1
33400,,SUBMISSION,VOLCANIC_ROCK_VOUCHER_10000,SEASHELLS,159,10
33400,SUBMISSION,,VOLCANIC_ROCK_VOUCHER_10250,SEASHELLS,28,10
33400,,SUBMISSION,VOLCANIC_ROCK_VOUCHER_9500,SEASHELLS,634,10
33400,SUBMISSION,,VOLCANIC_ROCK_VOUCHER_9750,SEASHELLS,386,10
33500,SUBMISSION,,VOLCANIC_ROCK_VOUCHER_9500,SEASHELLS,636,10
33500,,SUBMISSION,VOLCANIC_ROCK_VOUCHER_9750,SEASHELLS,386,10
33600,,SUBMISSION,KELP,SEASHELLS,2040,1
33700,,SUBMISSION,KELP,SEASHELLS,2040,1
33700,SUBMISSION,,KELP,SEASHELLS,2039,1
33800,,SUBMISSION,KELP,SEASHELLS,2040,2
33800,SUBMISSION,,VOLCANIC_ROCK_VOUCHER_10000,SEASHELLS,155,10
33800,,SUBMISSION,VOLCANIC_ROCK_VOUCHER_10250,SEASHELLS,27,18
33900,,SUBMISSION,VOLCANIC_ROCK_VOUCHER_9500,SEASHELLS,633,11
33900,,SUBMISSION,VOLCANIC_ROCK_VOUCHER_9500,SEASHELLS,633,2
34000,,SUBMISSION,VOLCANIC_ROCK_VOUCHER_10000,SEASHELLS,160,15
34000,SUBMISSION,,VOLCANIC_ROCK_VOUCHER_10250,SEASHELLS,28,15
34000,,SUBMISSION,VOLCANIC_ROCK_VOUCHER_9500,SEASHELLS,636,15
34000,SUBMISSION,,VOLCANIC_ROCK_VOUCHER_9750,SEASHELLS,388,15
34100,SUBMISSION,,VOLCANIC_ROCK_VOUCHER_10000,SEASHELLS,156,15
34100,,SUBMISSION,VOLCANIC_ROCK_VOUCHER_10250,SEASHELLS,27,18
34100,,SUBMISSION,VOLCANIC_ROCK_VOUCHER_10250,SEASHELLS,27,1
34200,SUBMISSION,,VOLCANIC_ROCK_VOUCHER_10250,SEASHELLS,27,6
34200,SUBMISSION,,VOLCANIC_ROCK_VOUCHER_10500,SEASHELLS,2,6
34400,,SUBMISSION,VOLCANIC_ROCK_VOUCHER_10250,SEASHELLS,26,18
34400,,SUBMISSION,VOLCANIC_ROCK_VOUCHER_10250,SEASHELLS,26,1
34400,,SUBMISSION,VOLCANIC_ROCK_VOUCHER_10250,SEASHELLS,26,14
34500,SUBMISSION,,RAINFOREST_RESIN,SEASHELLS,9999,1
34500,SUBMISSION,,VOLCANIC_ROCK_VOUCHER_10250,SEASHELLS,28,10
34500,SUBMISSION,,VOLCANIC_ROCK_VOUCHER_10250,SEASHELLS,28,1
34500,SUBMISSION,,VOLCANIC_ROCK_VOUCHER_9500,SEASHELLS,634,10
34500,SUBMISSION,,VOLCANIC_ROCK_VOUCHER_9500,SEASHELLS,634,1
34500,,SUBMISSION,VOLCANIC_ROCK_VOUCHER_9750,SEASHELLS,385,10
34500,,SUBMISSION,VOLCANIC_ROCK_VOUCHER_9750,SEASHELLS,385,1
34600,SUBMISSION,,RAINFOREST_RESIN,SEASHELLS,9997,6
34600,SUBMISSION,,VOLCANIC_ROCK_VOUCHER_10250,SEASHELLS,27,13
34600,SUBMISSION,,VOLCANIC_ROCK_VOUCHER_10250,SEASHELLS,27,1
34600,SUBMISSION,,VOLCANIC_ROCK_VOUCHER_9500,SEASHELLS,629,13
34600,SUBMISSION,,VOLCANIC_ROCK_VOUCHER_9500,SEASHELLS,629,1
34600,,SUBMISSION,VOLCANIC_ROCK_VOUCHER_9750,SEASHELLS,380,13
34600,,SUBMISSION,VOLCANIC_ROCK_VOUCHER_9750,SEASHELLS,380,1
34700,,SUBMISSION,VOLCANIC_ROCK_VOUCHER_10000,SEASHELLS,157,10
34700,SUBMISSION,,VOLCANIC_ROCK_VOUCHER_10250,SEASHELLS,27,10
34700,,SUBMISSION,VOLCANIC_ROCK_VOUCHER_9500,SEASHELLS,629,10
34700,SUBMISSION,,VOLCANIC_ROCK_VOUCHER_9750,SEASHELLS,381,10
34800,,SUBMISSION,KELP,SEASHELLS,2038,1
34800,SUBMISSION,,RAINFOREST_RESIN,SEASHELLS,9993,2
34900,SUBMISSION,,VOLCANIC_ROCK_VOUCHER_10000,SEASHELLS,150,19
34900,SUBMISSION,,VOLCANIC_ROCK_VOUCHER_10000,SEASHELLS,150,2
35100,,SUBMISSION,VOLCANIC_ROCK_VOUCHER_10000,SEASHELLS,155,19
35100,,SUBMISSION,VOLCANIC_ROCK_VOUCHER_10000,SEASHELLS,155,2
35100,SUBMISSION,,VOLCANIC_ROCK_VOUCHER_10250,SEASHELLS,27,19
35100,SUBMISSION,,VOLCANIC_ROCK_VOUCHER_10250,SEASHELLS,27,1
35100,,SUBMISSION,VOLCANIC_ROCK_VOUCHER_9500,SEASHELLS,630,19
35100,,SUBMISSION,VOLCANIC_ROCK_VOUCHER_9500,SEASHELLS,630,2
35100,SUBMISSION,,VOLCANIC_ROCK_VOUCHER_9750,SEASHELLS,382,19
35100,SUBMISSION,,VOLCANIC_ROCK_VOUCHER_9750,SEASHELLS,382,2
35200,,SUBMISSION,VOLCANIC_ROCK_VOUCHER_9500,SEASHELLS,630,18
35200,,SUBMISSION,VOLCANIC_ROCK_VOUCHER_9500,SEASHELLS,630,1
35200,SUBMISSION,,VOLCANIC_ROCK_VOUCHER_9750,SEASHELLS,382,18
35200,SUBMISSION,,VOLCANIC_ROCK_VOUCHER_9750,SEASHELLS,382,1
35400,SUBMISSION,,VOLCANIC_ROCK_VOUCHER_10000,SEASHELLS,149,10
35400,,SUBMISSION,VOLCANIC_ROCK_VOUCHER_10250,SEASHELLS,25,20
35400,,SUBMISSION,VOLCANIC_ROCK_VOUCHER_10250,SEASHELLS,25,2
35600,,SUBMISSION,KELP,SEASHELLS,2039,2
35800,,SUBMISSION,KELP,SEASHELLS,2038,1
35800,SUBMISSION,,RAINFOREST_RESIN,SEASHELLS,9998,5
35800,,SUBMISSION,RAINFOREST_RESIN,SEASHELLS,10007,5
35800,,SUBMISSION,VOLCANIC_ROCK_VOUCHER_10000,SEASHELLS,160,10
35800,,SUBMISSION,VOLCANIC_ROCK_VOUCHER_10000,SEASHELLS,160,1
35800,SUBMISSION,,VOLCANIC_ROCK_VOUCHER_10250,SEASHELLS,28,10
35800,SUBMISSION,,VOLCANIC_ROCK_VOUCHER_10250,SEASHELLS,28,1
35800,,SUBMISSION,VOLCANIC_ROCK_VOUCHER_9500,SEASHELLS,634,10
35800,,SUBMISSION,VOLCANIC_ROCK_VOUCHER_9500,SEASHELLS,634,1
35800,SUBMISSION,,VOLCANIC_ROCK_VOUCHER_9750,SEASHELLS,386,10
35800,SUBMISSION,,VOLCANIC_ROCK_VOUCHER_9750,SEASHELLS,386,1
35900,SUBMISSION,,VOLCANIC_ROCK_VOUCHER_10000,SEASHELLS,157,11
35900,SUBMISSION,,VOLCANIC_ROCK_VOUCHER_10250,SEASHELLS,28,11
35900,SUBMISSION,,VOLCANIC_ROCK_VOUCHER_9500,SEASHELLS,634,19
35900,SUBMISSION,,VOLCANIC_ROCK_VOUCHER_9500,SEASHELLS,634,2
35900,,SUBMISSION,VOLCANIC_ROCK_VOUCHER_9750,SEASHELLS,385,19
35900,,SUBMISSION,VOLCANIC_ROCK_VOUCHER_9750,SEASHELLS,385,2
36000,,SUBMISSION,RAINFOREST_RESIN,SEASHELLS,10007,8
36000,,SUBMISSION,VOLCANIC_ROCK_VOUCHER_9500,SEASHELLS,631,15
36000,SUBMISSION,,VOLCANIC_ROCK_VOUCHER_9750,SEASHELLS,383,15
36200,,SUBMISSION,RAINFOREST_RESIN,SEASHELLS,10001,1
36200,,SUBMISSION,VOLCANIC_ROCK_VOUCHER_10250,SEASHELLS,26,16
36200,,SUBMISSION,VOLCANIC_ROCK_VOUCHER_10250,SEASHELLS,26,2
36400,SUBMISSION,,KELP,SEASHELLS,2038,2
36400,,SUBMISSION,RAINFOREST_RESIN,SEASHELLS,10001,1
36400,,SUBMISSION,VOLCANIC_ROCK_VOUCHER_10000,SEASHELLS,153,19
36400,SUBMISSION,,VOLCANIC_ROCK_VOUCHER_10250,SEASHELLS,26,18
36400,,SUBMISSION,VOLCANIC_ROCK_VOUCHER_9500,SEASHELLS,628,19
36400,SUBMISSION,,VOLCANIC_ROCK_VOUCHER_9750,SEASHELLS,380,19
36600,,SUBMISSION,VOLCANIC_ROCK_VOUCHER_10000,SEASHELLS,152,17
36600,,SUBMISSION,VOLCANIC_ROCK_VOUCHER_9500,SEASHELLS,628,17
36600,SUBMISSION,,VOLCANIC_ROCK_VOUCHER_9750,SEASHELLS,380,17
36800,SUBMISSION,,RAINFOREST_RESIN,SEASHELLS,9993,2
36800,SUBMISSION,,VOLCANIC_ROCK_VOUCHER_9500,SEASHELLS,631,16
36800,SUBMISSION,,VOLCANIC_ROCK_VOUCHER_9500,SEASHELLS,631,2
36900,,SUBMISSION,VOLCANIC_ROCK_VOUCHER_10000,SEASHELLS,156,15
36900,,SUBMISSION,VOLCANIC_ROCK_VOUCHER_10000,SEASHELLS,156,1
36900,,SUBMISSION,VOLCANIC_ROCK_VOUCHER_9500,SEASHELLS,632,15
36900,,SUBMISSION,VOLCANIC_ROCK_VOUCHER_9500,SEASHELLS,632,1
36900,SUBMISSION,,VOLCANIC_ROCK_VOUCHER_9750,SEASHELLS,384,15
36900,SUBMISSION,,VOLCANIC_ROCK_VOUCHER_9750,SEASHELLS,384,1
37000,,SUBMISSION,RAINFOREST_RESIN,SEASHELLS,10001,1
37000,,SUBMISSION,RAINFOREST_RESIN,SEASHELLS,10007,2
37000,SUBMISSION,,VOLCANIC_ROCK_VOUCHER_9750,SEASHELLS,384,16
37200,SUBMISSION,,VOLCANIC_ROCK_VOUCHER_10000,SEASHELLS,155,17
37200,SUBMISSION,,VOLCANIC_ROCK_VOUCHER_9500,SEASHELLS,632,17
37200,,SUBMISSION,VOLCANIC_ROCK_VOUCHER_9750,SEASHELLS,383,17
37300,,SUBMISSION,KELP,SEASHELLS,2038,4
37500,SUBMISSION,,VOLCANIC_ROCK_VOUCHER_10000,SEASHELLS,149,13
37500,,SUBMISSION,VOLCANIC_ROCK_VOUCHER_10250,SEASHELLS,25,13
37600,SUBMISSION,,KELP,SEASHELLS,2037,2
37700,SUBMISSION,,VOLCANIC_ROCK_VOUCHER_9500,SEASHELLS,634,20
37700,SUBMISSION,,VOLCANIC_ROCK_VOUCHER_9500,SEASHELLS,634,2
37900,SUBMISSION,,KELP,SEASHELLS,2038,3
37900,SUBMISSION,,VOLCANIC_ROCK_VOUCHER_10000,SEASHELLS,158,11
37900,SUBMISSION,,VOLCANIC_ROCK_VOUCHER_10000,SEASHELLS,158,1
37900,SUBMISSION,,VOLCANIC_ROCK_VOUCHER_10250,SEASHELLS,28,11
37900,SUBMISSION,,VOLCANIC_ROCK_VOUCHER_10250,SEASHELLS,28,1
37900,SUBMISSION,,VOLCANIC_ROCK_VOUCHER_9500,SEASHELLS,634,11
37900,SUBMISSION,,VOLCANIC_ROCK_VOUCHER_9500,SEASHELLS,634,1
37900,,SUBMISSION,VOLCANIC_ROCK_VOUCHER_9750,SEASHELLS,385,11
37900,,SUBMISSION,VOLCANIC_ROCK_VOUCHER_9750,SEASHELLS,385,1
38100,SUBMISSION,,KELP,SEASHELLS,2037,6
38300,SUBMISSION,,RAINFOREST_RESIN,SEASHELLS,9998,6
38300,SUBMISSION,,VOLCANIC_ROCK_VOUCHER_10000,SEASHELLS,161,10
38300,,SUBMISSION,VOLCANIC_ROCK_VOUCHER_10250,SEASHELLS,28,13
38400,,SUBMISSION,VOLCANIC_ROCK_VOUCHER_10250,SEASHELLS,28,11
38400,,SUBMISSION,VOLCANIC_ROCK_VOUCHER_10250,SEASHELLS,28,1
38400,SUBMISSION,,VOLCANIC_ROCK_VOUCHER_9500,SEASHELLS,642,11
38400,SUBMISSION,,VOLCANIC_ROCK_VOUCHER_9500,SEASHELLS,642,1
38700,SUBMISSION,,KELP,SEASHELLS,2038,9
38700,,SUBMISSION,RAINFOREST_RESIN,SEASHELLS,10001,1
38700,SUBMISSION,,VOLCANIC_ROCK_VOUCHER_9500,SEASHELLS,641,14
38700,SUBMISSION,,VOLCANIC_ROCK_VOUCHER_9500,SEASHELLS,641,1
38700,,SUBMISSION,VOLCANIC_ROCK_VOUCHER_9750,SEASHELLS,391,14
38700,,SUBMISSION,VOLCANIC_ROCK_VOUCHER_9750,SEASHELLS,391,1
38800,SUBMISSION,,RAINFOREST_RESIN,SEASHELLS,9998,5
38900,SUBMISSION,,RAINFOREST_RESIN,SEASHELLS,9998,3
39300,SUBMISSION,,VOLCANIC_ROCK_VOUCHER_10000,SEASHELLS,156,17
39400,,SUBMISSION,VOLCANIC_ROCK_VOUCHER_10000,SEASHELLS,154,16
39400,,SUBMISSION,VOLCANIC_ROCK_VOUCHER_10000,SEASHELLS,154,2
39400,,SUBMISSION,VOLCANIC_ROCK_VOUCHER_10000,SEASHELLS,154,6
39400,,SUBMISSION,VOLCANIC_ROCK_VOUCHER_9500,SEASHELLS,630,16
39400,,SUBMISSION,VOLCANIC_ROCK_VOUCHER_9500,SEASHELLS,630,2
39400,,SUBMISSION,VOLCANIC_ROCK_VOUCHER_9500,SEASHELLS,630,6
39400,SUBMISSION,,VOLCANIC_ROCK_VOUCHER_9750,SEASHELLS,382,16
39400,SUBMISSION,,VOLCANIC_ROCK_VOUCHER_9750,SEASHELLS,382,2
39500,SUBMISSION,,KELP,SEASHELLS,2039,4
39500,,SUBMISSION,RAINFOREST_RESIN,SEASHELLS,10001,1
39600,SUBMISSION,,KELP,SEASHELLS,2038,1
39600,SUBMISSION,,VOLCANIC_ROCK_VOUCHER_10000,SEASHELLS,156,7
39600,SUBMISSION,,VOLCANIC_ROCK_VOUCHER_10250,SEASHELLS,27,13
39600,SUBMISSION,,VOLCANIC_ROCK_VOUCHER_10250,SEASHELLS,27,1
39600,SUBMISSION,,VOLCANIC_ROCK_VOUCHER_9500,SEASHELLS,632,13
39600,SUBMISSION,,VOLCANIC_ROCK_VOUCHER_9500,SEASHELLS,632,1
39600,,SUBMISSION,VOLCANIC_ROCK_VOUCHER_9750,SEASHELLS,383,13
39600,,SUBMISSION,VOLCANIC_ROCK_VOUCHER_9750,SEASHELLS,383,1
39700,,SUBMISSION,KELP,SEASHELLS,2040,1
39800,SUBMISSION,,VOLCANIC_ROCK_VOUCHER_9500,SEASHELLS,635,11
40200,SUBMISSION,,RAINFOREST_RESIN,SEASHELLS,9997,8
40200,SUBMISSION,,VOLCANIC_ROCK_VOUCHER_10250,SEASHELLS,28,12
40300,SUBMISSION,,KELP,SEASHELLS,2038,2
40300,,SUBMISSION,KELP,SEASHELLS,2039,1
40300,SUBMISSION,,VOLCANIC_ROCK_VOUCHER_10000,SEASHELLS,150,17
40300,SUBMISSION,,VOLCANIC_ROCK_VOUCHER_10000,SEASHELLS,150,2
40400,,SUBMISSION,VOLCANIC_ROCK_VOUCHER_10000,SEASHELLS,158,19
40500,SUBMISSION,,RAINFOREST_RESIN,SEASHELLS,9993,1
40500,SUBMISSION,,VOLCANIC_ROCK_VOUCHER_9500,SEASHELLS,633,13
40600,SUBMISSION,,RAINFOREST_RESIN,SEASHELLS,9998,3
40700,,SUBMISSION,KELP,SEASHELLS,2039,1
40700,,SUBMISSION,VOLCANIC_ROCK_VOUCHER_10250,SEASHELLS,26,15
40700,,SUBMISSION,VOLCANIC_ROCK_VOUCHER_10250,SEASHELLS,26,2
40700,,SUBMISSION,VOLCANIC_ROCK_VOUCHER_10250,SEASHELLS,26,14
40800,SUBMISSION,,VOLCANIC_ROCK_VOUCHER_10250,SEASHELLS,27,14
40800,SUBMISSION,,VOLCANIC_ROCK_VOUCHER_10250,SEASHELLS,27,2
40900,,SUBMISSION,KELP,SEASHELLS,2039,6
41000,SUBMISSION,,RAINFOREST_RESIN,SEASHELLS,9993,2
41200,,SUBMISSION,VOLCANIC_ROCK_VOUCHER_9500,SEASHELLS,627,14
41200,,SUBMISSION,VOLCANIC_ROCK_VOUCHER_9500,SEASHELLS,627,1
41200,SUBMISSION,,VOLCANIC_ROCK_VOUCHER_9750,SEASHELLS,379,14
41200,SUBMISSION,,VOLCANIC_ROCK_VOUCHER_9750,SEASHELLS,379,1
41400,SUBMISSION,,RAINFOREST_RESIN,SEASHELLS,9993,2
41400,SUBMISSION,,VOLCANIC_ROCK_VOUCHER_10250,SEASHELLS,26,10
41400,SUBMISSION,,VOLCANIC_ROCK_VOUCHER_10250,SEASHELLS,26,2
41400,SUBMISSION,,VOLCANIC_ROCK_VOUCHER_9500,SEASHELLS,629,10
41400,SUBMISSION,,VOLCANIC_ROCK_VOUCHER_9500,SEASHELLS,629,2
41500,,SUBMISSION,RAINFOREST_RESIN,SEASHELLS,10007,6
41500,SUBMISSION,,VOLCANIC_ROCK_VOUCHER_10250,SEASHELLS,26,13
41500,SUBMISSION,,VOLCANIC_ROCK_VOUCHER_9500,SEASHELLS,627,13
41500,,SUBMISSION,VOLCANIC_ROCK_VOUCHER_9750,SEASHELLS,379,13
41800,,SUBMISSION,RAINFOREST_RESIN,SEASHELLS,10001,1
42200,SUBMISSION,,VOLCANIC_ROCK_VOUCHER_9750,SEASHELLS,384,10
42300,,SUBMISSION,VOLCANIC_ROCK_VOUCHER_10000,SEASHELLS,156,14
42300,,SUBMISSION,VOLCANIC_ROCK_VOUCHER_10000,SEASHELLS,156,2
42300,,SUBMISSION,VOLCANIC_ROCK_VOUCHER_10250,SEASHELLS,26,10
42300,,SUBMISSION,VOLCANIC_ROCK_VOUCHER_9500,SEASHELLS,632,14
42300,,SUBMISSION,VOLCANIC_ROCK_VOUCHER_9500,SEASHELLS,632,2
42300,SUBMISSION,,VOLCANIC_ROCK_VOUCHER_9750,SEASHELLS,384,14
42300,SUBMISSION,,VOLCANIC_ROCK_VOUCHER_9750,SEASHELLS,384,2
42500,SUBMISSION,,VOLCANIC_ROCK_VOUCHER_10000,SEASHELLS,154,16
42500,,SUBMISSION,VOLCANIC_ROCK_VOUCHER_10250,SEASHELLS,27,17
42500,,SUBMISSION,VOLCANIC_ROCK_VOUCHER_10250,SEASHELLS,27,1
42600,,SUBMISSION,KELP,SEASHELLS,2038,1
42600,SUBMISSION,,KELP,SEASHELLS,2037,2
43000,SUBMISSION,,KELP,SEASHELLS,2038,2
43000,,SUBMISSION,VOLCANIC_ROCK_VOUCHER_10000,SEASHELLS,157,14
43000,SUBMISSION,,VOLCANIC_ROCK_VOUCHER_10250,SEASHELLS,27,14
43000,,SUBMISSION,VOLCANIC_ROCK_VOUCHER_9500,SEASHELLS,633,14
43000,SUBMISSION,,VOLCANIC_ROCK_VOUCHER_9750,SEASHELLS,385,14
43400,,SUBMISSION,VOLCANIC_ROCK_VOUCHER_10000,SEASHELLS,156,11
43400,,SUBMISSION,VOLCANIC_ROCK_VOUCHER_10000,SEASHELLS,156,2
43400,SUBMISSION,,VOLCANIC_ROCK_VOUCHER_10250,SEASHELLS,27,4
43400,,SUBMISSION,VOLCANIC_ROCK_VOUCHER_9500,SEASHELLS,632,11
43400,,SUBMISSION,VOLCANIC_ROCK_VOUCHER_9500,SEASHELLS,632,2
43400,SUBMISSION,,VOLCANIC_ROCK_VOUCHER_9750,SEASHELLS,384,11
43400,SUBMISSION,,VOLCANIC_ROCK_VOUCHER_9750,SEASHELLS,384,2
43500,SUBMISSION,,VOLCANIC_ROCK_VOUCHER_9500,SEASHELLS,633,15
43500,SUBMISSION,,VOLCANIC_ROCK_VOUCHER_9500,SEASHELLS,633,2
43600,,SUBMISSION,KELP,SEASHELLS,2039,1
43600,SUBMISSION,,VOLCANIC_ROCK_VOUCHER_10000,SEASHELLS,155,17
43600,SUBMISSION,,VOLCANIC_ROCK_VOUCHER_9500,SEASHELLS,633,16
43600,,SUBMISSION,VOLCANIC_ROCK_VOUCHER_9750,SEASHELLS,383,17
43700,,SUBMISSION,KELP,SEASHELLS,2039,2
43900,SUBMISSION,,VOLCANIC_ROCK_VOUCHER_10000,SEASHELLS,156,10
44000,SUBMISSION,,RAINFOREST_RESIN,SEASHELLS,9998,4
44000,SUBMISSION,,RAINFOREST_RESIN,SEASHELLS,10000,3
44000,SUBMISSION,,RAINFOREST_RESIN,SEASHELLS,9993,2
44200,,SUBMISSION,VOLCANIC_ROCK_VOUCHER_10000,SEASHELLS,160,15
44200,,SUBMISSION,VOLCANIC_ROCK_VOUCHER_10000,SEASHELLS,160,1
44200,,SUBMISSION,VOLCANIC_ROCK_VOUCHER_9500,SEASHELLS,634,15
44200,,SUBMISSION,VOLCANIC_ROCK_VOUCHER_9500,SEASHELLS,634,1
44200,SUBMISSION,,VOLCANIC_ROCK_VOUCHER_9750,SEASHELLS,386,15
44200,SUBMISSION,,VOLCANIC_ROCK_VOUCHER_9750,SEASHELLS,386,1
44400,,SUBMISSION,RAINFOREST_RESIN,SEASHELLS,10007,4
44800,,SUBMISSION,VOLCANIC_ROCK_VOUCHER_9500,SEASHELLS,649,14
44800,SUBMISSION,,VOLCANIC_ROCK_VOUCHER_9750,SEASHELLS,401,11
45000,SUBMISSION,,VOLCANIC_ROCK_VOUCHER_9500,SEASHELLS,647,16
45100,,SUBMISSION,KELP,SEASHELLS,2038,15
45200,SUBMISSION,,VOLCANIC_ROCK_VOUCHER_10000,SEASHELLS,163,14
45200,SUBMISSION,,VOLCANIC_ROCK_VOUCHER_10000,SEASHELLS,163,1
45200,,SUBMISSION,VOLCANIC_ROCK_VOUCHER_10250,SEASHELLS,29,14
45200,,SUBMISSION,VOLCANIC_ROCK_VOUCHER_10250,SEASHELLS,29,1
45200,,SUBMISSION,VOLCANIC_ROCK_VOUCHER_9500,SEASHELLS,642,14
45200,,SUBMISSION,VOLCANIC_ROCK_VOUCHER_9500,SEASHELLS,642,1
45500,SUBMISSION,,RAINFOREST_RESIN,SEASHELLS,9998,3
45600,,SUBMISSION,VOLCANIC_ROCK_VOUCHER_10000,SEASHELLS,158,16
45600,,SUBMISSION,VOLCANIC_ROCK_VOUCHER_10000,SEASHELLS,158,2
45600,,SUBMISSION,VOLCANIC_ROCK_VOUCHER_10000,SEASHELLS,158,19
45600,SUBMISSION,,VOLCANIC_ROCK_VOUCHER_10250,SEASHELLS,28,15
45600,,SUBMISSION,VOLCANIC_ROCK_VOUCHER_9500,SEASHELLS,634,16
45600,,SUBMISSION,VOLCANIC_ROCK_VOUCHER_9500,SEASHELLS,634,2
45600,,SUBMISSION,VOLCANIC_ROCK_VOUCHER_9500,SEASHELLS,634,19
45700,SUBMISSION,,VOLCANIC_ROCK_VOUCHER_10000,SEASHELLS,154,15
45700,SUBMISSION,,VOLCANIC_ROCK_VOUCHER_10000,SEASHELLS,154,1
45700,SUBMISSION,,VOLCANIC_ROCK_VOUCHER_9500,SEASHELLS,631,15
45700,SUBMISSION,,VOLCANIC_ROCK_VOUCHER_9500,SEASHELLS,631,1
45700,,SUBMISSION,VOLCANIC_ROCK_VOUCHER_9750,SEASHELLS,382,15
45700,,SUBMISSION,VOLCANIC_ROCK_VOUCHER_9750,SEASHELLS,382,1
45800,,SUBMISSION,VOLCANIC_ROCK_VOUCHER_10000,SEASHELLS,156,13
45800,,SUBMISSION,VOLCANIC_ROCK_VOUCHER_9500,SEASHELLS,632,13
45800,SUBMISSION,,VOLCANIC_ROCK_VOUCHER_9750,SEASHELLS,384,13
45900,SUBMISSION,,VOLCANIC_ROCK_VOUCHER_10000,SEASHELLS,155,14
45900,SUBMISSION,,VOLCANIC_ROCK_VOUCHER_10000,SEASHELLS,155,1
45900,SUBMISSION,,VOLCANIC_ROCK_VOUCHER_9500,SEASHELLS,632,14
45900,SUBMISSION,,VOLCANIC_ROCK_VOUCHER_9500,SEASHELLS,632,1
46000,,SUBMISSION,KELP,SEASHELLS,2038,1
46100,,SUBMISSION,KELP,SEASHELLS,2038,9
46300,SUBMISSION,,VOLCANIC_ROCK_VOUCHER_9500,SEASHELLS,636,10
46300,SUBMISSION,,VOLCANIC_ROCK_VOUCHER_9500,SEASHELLS,636,1
46400,,SUBMISSION,VOLCANIC_ROCK_VOUCHER_9500,SEASHELLS,635,13
46400,,SUBMISSION,VOLCANIC_ROCK_VOUCHER_9500,SEASHELLS,635,2
46400,SUBMISSION,,VOLCANIC_ROCK_VOUCHER_9750,SEASHELLS,387,3
46500,SUBMISSION,,RAINFOREST_RESIN,SEASHELLS,9999,1
46500,SUBMISSION,,VOLCANIC_ROCK_VOUCHER_10000,SEASHELLS,159,18
46500,SUBMISSION,,VOLCANIC_ROCK_VOUCHER_10000,SEASHELLS,159,2
46600,,SUBMISSION,RAINFOREST_RESIN,SEASHELLS,10007,2
46600,,SUBMISSION,VOLCANIC_ROCK_VOUCHER_9500,SEASHELLS,639,16
46600,,SUBMISSION,VOLCANIC_ROCK_VOUCHER_9500,SEASHELLS,639,2
46700,SUBMISSION,,VOLCANIC_ROCK_VOUCHER_10250,SEASHELLS,28,15
46700,SUBMISSION,,VOLCANIC_ROCK_VOUCHER_10250,SEASHELLS,28,2
46800,SUBMISSION,,KELP,SEASHELLS,2037,2
46800,,SUBMISSION,RAINFOREST_RESIN,SEASHELLS,10001,1
46800,,SUBMISSION,VOLCANIC_ROCK_VOUCHER_10250,SEASHELLS,28,17
46800,SUBMISSION,,VOLCANIC_ROCK_VOUCHER_9500,SEASHELLS,640,19
46800,SUBMISSION,,VOLCANIC_ROCK_VOUCHER_9500,SEASHELLS,640,1
47000,SUBMISSION,,RAINFOREST_RESIN,SEASHELLS,9993,8
47000,,SUBMISSION,VOLCANIC_ROCK_VOUCHER_10000,SEASHELLS,160,17
47000,,SUBMISSION,VOLCANIC_ROCK_VOUCHER_10250,SEASHELLS,28,17
47000,,SUBMISSION,VOLCANIC_ROCK_VOUCHER_9500,SEASHELLS,639,17
47200,SUBMISSION,,RAINFOREST_RESIN,SEASHELLS,9998,5
47300,,SUBMISSION,KELP,SEASHELLS,2038,1
47500,,SUBMISSION,VOLCANIC_ROCK_VOUCHER_10250,SEASHELLS,28,13
47500,SUBMISSION,,VOLCANIC_ROCK_VOUCHER_9500,SEASHELLS,639,13
47600,SUBMISSION,,VOLCANIC_ROCK_VOUCHER_10000,SEASHELLS,161,18
47600,SUBMISSION,,VOLCANIC_ROCK_VOUCHER_9500,SEASHELLS,638,18
47600,,SUBMISSION,VOLCANIC_ROCK_VOUCHER_9750,SEASHELLS,390,18
47600,,SUBMISSION,VOLCANIC_ROCK_VOUCHER_9750,SEASHELLS,390,17
47700,,SUBMISSION,VOLCANIC_ROCK_VOUCHER_10000,SEASHELLS,162,1
47700,SUBMISSION,,VOLCANIC_ROCK_VOUCHER_10250,SEASHELLS,29,15
47700,SUBMISSION,,VOLCANIC_ROCK_VOUCHER_10250,SEASHELLS,29,1
47700,SUBMISSION,,VOLCANIC_ROCK_VOUCHER_9500,SEASHELLS,641,15
47700,SUBMISSION,,VOLCANIC_ROCK_VOUCHER_9500,SEASHELLS,641,1
47700,,SUBMISSION,VOLCANIC_ROCK_VOUCHER_9750,SEASHELLS,392,15
47700,,SUBMISSION,VOLCANIC_ROCK_VOUCHER_9750,SEASHELLS,392,1
47900,,SUBMISSION,KELP,SEASHELLS,2038,9
48200,,SUBMISSION,RAINFOREST_RESIN,SEASHELLS,10007,4
48200,SUBMISSION,,VOLCANIC_ROCK_VOUCHER_10250,SEASHELLS,29,14
48200,SUBMISSION,,VOLCANIC_ROCK_VOUCHER_9500,SEASHELLS,641,16
48200,SUBMISSION,,VOLCANIC_ROCK_VOUCHER_9500,SEASHELLS,641,1
48300,,SUBMISSION,RAINFOREST_RESIN,SEASHELLS,10001,1
48600,SUBMISSION,,KELP,SEASHELLS,2037,6
48600,,SUBMISSION,RAINFOREST_RESIN,SEASHELLS,10002,3
48800,,SUBMISSION,VOLCANIC_ROCK_VOUCHER_10250,SEASHELLS,29,15
49000,SUBMISSION,,RAINFOREST_RESIN,SEASHELLS,9997,9
49100,,SUBMISSION,VOLCANIC_ROCK_VOUCHER_10250,SEASHELLS,29,18
49100,,SUBMISSION,VOLCANIC_ROCK_VOUCHER_10250,SEASHELLS,29,2
49200,,SUBMISSION,KELP,SEASHELLS,2038,1
49200,SUBMISSION,,RAINFOREST_RESIN,SEASHELLS,9997,12
49200,,SUBMISSION,VOLCANIC_ROCK_VOUCHER_10250,SEASHELLS,31,17
49200,,SUBMISSION,VOLCANIC_ROCK_VOUCHER_10250,SEASHELLS,31,1
49300,,SUBMISSION,RAINFOREST_RESIN,SEASHELLS,10001,1
49300,SUBMISSION,,VOLCANIC_ROCK_VOUCHER_10250,SEASHELLS,32,13
49300,SUBMISSION,,VOLCANIC_ROCK_VOUCHER_10250,SEASHELLS,32,2
49300,SUBMISSION,,VOLCANIC_ROCK_VOUCHER_9500,SEASHELLS,653,3
49400,,SUBMISSION,KELP,SEASHELLS,2038,10
49400,SUBMISSION,,VOLCANIC_ROCK_VOUCHER_10250,SEASHELLS,32,14
49600,SUBMISSION,,VOLCANIC_ROCK_VOUCHER_10250,SEASHELLS,33,11
49600,SUBMISSION,,VOLCANIC_ROCK_VOUCHER_10250,SEASHELLS,33,2
49700,SUBMISSION,,VOLCANIC_ROCK_VOUCHER_10250,SEASHELLS,33,11
49800,SUBMISSION,,KELP,SEASHELLS,2037,2
49800,,SUBMISSION,RAINFOREST_RESIN,SEASHELLS,10000,3
49800,,SUBMISSION,VOLCANIC_ROCK_VOUCHER_9750,SEASHELLS,405,1
50000,,SUBMISSION,RAINFOREST_RESIN,SEASHELLS,10007,2
50000,SUBMISSION,,VOLCANIC_ROCK_VOUCHER_10000,SEASHELLS,173,17
50000,SUBMISSION,,VOLCANIC_ROCK_VOUCHER_10000,SEASHELLS,173,1
50000,SUBMISSION,,VOLCANIC_ROCK_VOUCHER_9500,SEASHELLS,659,17
50000,SUBMISSION,,VOLCANIC_ROCK_VOUCHER_9500,SEASHELLS,659,1
50000,,SUBMISSION,VOLCANIC_ROCK_VOUCHER_9750,SEASHELLS,410,17
50000,,SUBMISSION,VOLCANIC_ROCK_VOUCHER_9750,SEASHELLS,410,1
50100,,SUBMISSION,VOLCANIC_ROCK_VOUCHER_10000,SEASHELLS,173,10
50100,,SUBMISSION,VOLCANIC_ROCK_VOUCHER_10000,SEASHELLS,173,1
50100,,SUBMISSION,VOLCANIC_ROCK_VOUCHER_9500,SEASHELLS,657,10
50100,,SUBMISSION,VOLCANIC_ROCK_VOUCHER_9500,SEASHELLS,657,1
50300,,SUBMISSION,VOLCANIC_ROCK_VOUCHER_9500,SEASHELLS,659,7
50400,SUBMISSION,,KELP,SEASHELLS,2036,1
50400,,SUBMISSION,KELP,SEASHELLS,2038,12
50400,SUBMISSION,,RAINFOREST_RESIN,SEASHELLS,9993,10
50500,SUBMISSION,,KELP,SEASHELLS,2037,14
50600,,SUBMISSION,VOLCANIC_ROCK_VOUCHER_10000,SEASHELLS,170,7
50700,SUBMISSION,,RAINFOREST_RESIN,SEASHELLS,9999,1
50700,SUBMISSION,,RAINFOREST_RESIN,SEASHELLS,9993,4
50800,SUBMISSION,,VOLCANIC_ROCK_VOUCHER_10000,SEASHELLS,170,17
50800,SUBMISSION,,VOLCANIC_ROCK_VOUCHER_10000,SEASHELLS,170,2
50800,SUBMISSION,,VOLCANIC_ROCK_VOUCHER_10250,SEASHELLS,32,17
50800,SUBMISSION,,VOLCANIC_ROCK_VOUCHER_10250,SEASHELLS,32,2
50800,SUBMISSION,,VOLCANIC_ROCK_VOUCHER_9500,SEASHELLS,650,2
50800,,SUBMISSION,VOLCANIC_ROCK_VOUCHER_9750,SEASHELLS,401,17
50800,,SUBMISSION,VOLCANIC_ROCK_VOUCHER_9750,SEASHELLS,401,2
50900,SUBMISSION,,RAINFOREST_RESIN,SEASHELLS,9997,6
51000,,SUBMISSION,KELP,SEASHELLS,2039,11
51000,SUBMISSION,,VOLCANIC_ROCK_VOUCHER_10000,SEASHELLS,165,4
51000,SUBMISSION,,VOLCANIC_ROCK_VOUCHER_10250,SEASHELLS,30,4
51000,SUBMISSION,,VOLCANIC_ROCK_VOUCHER_10500,SEASHELLS,2,4
51000,SUBMISSION,,VOLCANIC_ROCK_VOUCHER_9500,SEASHELLS,648,4
51100,SUBMISSION,,KELP,SEASHELLS,2038,2
51200,SUBMISSION,,VOLCANIC_ROCK_VOUCHER_9750,SEASHELLS,399,18
51200,SUBMISSION,,VOLCANIC_ROCK_VOUCHER_9750,SEASHELLS,399,2
51300,,SUBMISSION,VOLCANIC_ROCK_VOUCHER_10250,SEASHELLS,30,12
51300,,SUBMISSION,VOLCANIC_ROCK_VOUCHER_10250,SEASHELLS,30,1
51300,,SUBMISSION,VOLCANIC_ROCK_VOUCHER_9500,SEASHELLS,648,6
51600,SUBMISSION,,RAINFOREST_RESIN,SEASHELLS,9993,5
51600,,SUBMISSION,VOLCANIC_ROCK_VOUCHER_10250,SEASHELLS,31,3
51900,,SUBMISSION,KELP,SEASHELLS,2038,1
51900,SUBMISSION,,RAINFOREST_RESIN,SEASHELLS,9999,1
52000,SUBMISSION,,KELP,SEASHELLS,2037,4
52100,,SUBMISSION,KELP,SEASHELLS,2038,1
52100,,SUBMISSION,VOLCANIC_ROCK_VOUCHER_10250,SEASHELLS,32,7
52200,SUBMISSION,,VOLCANIC_ROCK_VOUCHER_10000,SEASHELLS,171,17
52200,SUBMISSION,,VOLCANIC_ROCK_VOUCHER_10000,SEASHELLS,171,2
52200,SUBMISSION,,VOLCANIC_ROCK_VOUCHER_9500,SEASHELLS,655,17
52200,SUBMISSION,,VOLCANIC_ROCK_VOUCHER_9500,SEASHELLS,655,2
52200,,SUBMISSION,VOLCANIC_ROCK_VOUCHER_9750,SEASHELLS,406,17
52200,,SUBMISSION,VOLCANIC_ROCK_VOUCHER_9750,SEASHELLS,406,2
52200,,SUBMISSION,VOLCANIC_ROCK_VOUCHER_9750,SEASHELLS,406,20
52300,,SUBMISSION,VOLCANIC_ROCK_VOUCHER_10000,SEASHELLS,171,20
52300,,SUBMISSION,VOLCANIC_ROCK_VOUCHER_10000,SEASHELLS,171,2
52300,,SUBMISSION,VOLCANIC_ROCK_VOUCHER_9500,SEASHELLS,654,19
52400,SUBMISSION,,KELP,SEASHELLS,2037,1
52400,,SUBMISSION,VOLCANIC_ROCK_VOUCHER_10000,SEASHELLS,172,14
52700,,SUBMISSION,KELP,SEASHELLS,2038,1
53100,SUBMISSION,,KELP,SEASHELLS,2037,3
53100,,SUBMISSION,KELP,SEASHELLS,2038,1
53100,,SUBMISSION,VOLCANIC_ROCK_VOUCHER_10000,SEASHELLS,172,6
53100,,SUBMISSION,VOLCANIC_ROCK_VOUCHER_9750,SEASHELLS,405,20
53200,SUBMISSION,,KELP,SEASHELLS,2037,4
53200,,SUBMISSION,RAINFOREST_RESIN,SEASHELLS,10002,5
53300,SUBMISSION,,VOLCANIC_ROCK_VOUCHER_9500,SEASHELLS,656,18
53300,SUBMISSION,,VOLCANIC_ROCK_VOUCHER_9500,SEASHELLS,656,2
53300,,SUBMISSION,VOLCANIC_ROCK_VOUCHER_9750,SEASHELLS,407,18
53300,,SUBMISSION,VOLCANIC_ROCK_VOUCHER_9750,SEASHELLS,407,2
53300,,SUBMISSION,VOLCANIC_ROCK_VOUCHER_9750,SEASHELLS,407,7
53400,,SUBMISSION,VOLCANIC_ROCK_VOUCHER_10000,SEASHELLS,174,12
53500,SUBMISSION,,VOLCANIC_ROCK_VOUCHER_10000,SEASHELLS,173,12
53500,,SUBMISSION,VOLCANIC_ROCK_VOUCHER_9500,SEASHELLS,656,15
53500,,SUBMISSION,VOLCANIC_ROCK_VOUCHER_9500,SEASHELLS,656,2
53500,,SUBMISSION,VOLCANIC_ROCK_VOUCHER_9750,SEASHELLS,407,15
53500,,SUBMISSION,VOLCANIC_ROCK_VOUCHER_9750,SEASHELLS,407,2
53600,SUBMISSION,,VOLCANIC_ROCK_VOUCHER_9500,SEASHELLS,658,16
53600,SUBMISSION,,VOLCANIC_ROCK_VOUCHER_9500,SEASHELLS,658,1
53600,,SUBMISSION,VOLCANIC_ROCK_VOUCHER_9750,SEASHELLS,409,16
53600,,SUBMISSION,VOLCANIC_ROCK_VOUCHER_9750,SEASHELLS,409,1
53700,SUBMISSION,,VOLCANIC_ROCK_VOUCHER_10250,SEASHELLS,34,15
53900,SUBMISSION,,VOLCANIC_ROCK_VOUCHER_10000,SEASHELLS,174,14
53900,SUBMISSION,,VOLCANIC_ROCK_VOUCHER_10000,SEASHELLS,174,2
54100,,SUBMISSION,KELP,SEASHELLS,2038,11
54100,,SUBMISSION,RAINFOREST_RESIN,SEASHELLS,10001,1
54100,,SUBMISSION,VOLCANIC_ROCK_VOUCHER_10000,SEASHELLS,175,17
54100,,SUBMISSION,VOLCANIC_ROCK_VOUCHER_10000,SEASHELLS,175,1
54100,,SUBMISSION,VOLCANIC_ROCK_VOUCHER_10250,SEASHELLS,32,15
54200,SUBMISSION,,KELP,SEASHELLS,2037,5
54200,,SUBMISSION,RAINFOREST_RESIN,SEASHELLS,10001,1
54400,SUBMISSION,,VOLCANIC_ROCK_VOUCHER_10250,SEASHELLS,33,18
54400,SUBMISSION,,VOLCANIC_ROCK_VOUCHER_10250,SEASHELLS,33,1
54500,SUBMISSION,,VOLCANIC_ROCK_VOUCHER_10000,SEASHELLS,173,2
54500,,SUBMISSION,VOLCANIC_ROCK_VOUCHER_9500,SEASHELLS,656,16
54500,,SUBMISSION,VOLCANIC_ROCK_VOUCHER_9750,SEASHELLS,407,11
54600,SUBMISSION,,RAINFOREST_RESIN,SEASHELLS,9999,1
54600,,SUBMISSION,VOLCANIC_ROCK_VOUCHER_10250,SEASHELLS,32,17
54600,,SUBMISSION,VOLCANIC_ROCK_VOUCHER_10250,SEASHELLS,32,2
54600,,SUBMISSION,VOLCANIC_ROCK_VOUCHER_9500,SEASHELLS,656,4
54900,SUBMISSION,,KELP,SEASHELLS,2037,2
55300,SUBMISSION,,KELP,SEASHELLS,2037,4
55300,SUBMISSION,,VOLCANIC_ROCK_VOUCHER_10000,SEASHELLS,173,16
55300,SUBMISSION,,VOLCANIC_ROCK_VOUCHER_10250,SEASHELLS,33,16
55300,SUBMISSION,,VOLCANIC_ROCK_VOUCHER_9500,SEASHELLS,655,16
55300,,SUBMISSION,VOLCANIC_ROCK_VOUCHER_9750,SEASHELLS,405,16
55400,SUBMISSION,,KELP,SEASHELLS,2037,6
55500,SUBMISSION,,KELP,SEASHELLS,2037,14
55500,,SUBMISSION,VOLCANIC_ROCK_VOUCHER_10250,SEASHELLS,32,6
55500,,SUBMISSION,VOLCANIC_ROCK_VOUCHER_10250,SEASHELLS,32,1
55500,,SUBMISSION,VOLCANIC_ROCK_VOUCHER_9500,SEASHELLS,656,6
55500,,SUBMISSION,VOLCANIC_ROCK_VOUCHER_9500,SEASHELLS,656,1
55600,,SUBMISSION,VOLCANIC_ROCK_VOUCHER_10000,SEASHELLS,169,10
55600,,SUBMISSION,VOLCANIC_ROCK_VOUCHER_10000,SEASHELLS,169,2
55600,,SUBMISSION,VOLCANIC_ROCK_VOUCHER_10250,SEASHELLS,31,10
55600,,SUBMISSION,VOLCANIC_ROCK_VOUCHER_10250,SEASHELLS,31,2
55600,,SUBMISSION,VOLCANIC_ROCK_VOUCHER_9500,SEASHELLS,652,9
55700,SUBMISSION,,VOLCANIC_ROCK_VOUCHER_10000,SEASHELLS,166,19
55700,SUBMISSION,,VOLCANIC_ROCK_VOUCHER_10000,SEASHELLS,166,2
55700,SUBMISSION,,VOLCANIC_ROCK_VOUCHER_9500,SEASHELLS,649,19
55700,SUBMISSION,,VOLCANIC_ROCK_VOUCHER_9500,SEASHELLS,649,2
55700,,SUBMISSION,VOLCANIC_ROCK_VOUCHER_9750,SEASHELLS,400,19
55700,,SUBMISSION,VOLCANIC_ROCK_VOUCHER_9750,SEASHELLS,400,2
55800,SUBMISSION,,RAINFOREST_RESIN,SEASHELLS,9998,6
55900,SUBMISSION,,KELP,SEASHELLS,2038,1
55900,SUBMISSION,,KELP,SEASHELLS,2037,1
55900,SUBMISSION,,RAINFOREST_RESIN,SEASHELLS,9999,1
55900,,SUBMISSION,VOLCANIC_ROCK_VOUCHER_10000,SEASHELLS,164,18
55900,,SUBMISSION,VOLCANIC_ROCK_VOUCHER_10000,SEASHELLS,164,2
55900,,SUBMISSION,VOLCANIC_ROCK_VOUCHER_10250,SEASHELLS,29,18
55900,,SUBMISSION,VOLCANIC_ROCK_VOUCHER_10250,SEASHELLS,29,2
56000,SUBMISSION,,RAINFOREST_RESIN,SEASHELLS,9999,1
56000,,SUBMISSION,VOLCANIC_ROCK_VOUCHER_10000,SEASHELLS,168,5
56000,SUBMISSION,,VOLCANIC_ROCK_VOUCHER_10250,SEASHELLS,31,18
56000,SUBMISSION,,VOLCANIC_ROCK_VOUCHER_10250,SEASHELLS,31,1
56000,,SUBMISSION,VOLCANIC_ROCK_VOUCHER_9500,SEASHELLS,647,18
56000,,SUBMISSION,VOLCANIC_ROCK_VOUCHER_9500,SEASHELLS,647,1
56100,SUBMISSION,,KELP,SEASHELLS,2037,1
56100,,SUBMISSION,VOLCANIC_ROCK_VOUCHER_10250,SEASHELLS,29,16
56200,,SUBMISSION,VOLCANIC_ROCK_VOUCHER_10250,SEASHELLS,29,17
56400,SUBMISSION,,VOLCANIC_ROCK_VOUCHER_9500,SEASHELLS,639,17
56800,,SUBMISSION,KELP,SEASHELLS,2038,9
56800,SUBMISSION,,VOLCANIC_ROCK_VOUCHER_10250,SEASHELLS,30,19
56800,,SUBMISSION,VOLCANIC_ROCK_VOUCHER_9500,SEASHELLS,643,19
57000,,SUBMISSION,KELP,SEASHELLS,2038,1
57100,,SUBMISSION,KELP,SEASHELLS,2038,9
57200,SUBMISSION,,RAINFOREST_RESIN,SEASHELLS,9993,1
57300,SUBMISSION,,VOLCANIC_ROCK_VOUCHER_10000,SEASHELLS,163,16
57300,SUBMISSION,,VOLCANIC_ROCK_VOUCHER_10000,SEASHELLS,163,1
57300,SUBMISSION,,VOLCANIC_ROCK_VOUCHER_10250,SEASHELLS,29,16
57300,SUBMISSION,,VOLCANIC_ROCK_VOUCHER_10250,SEASHELLS,29,1
57300,SUBMISSION,,VOLCANIC_ROCK_VOUCHER_9500,SEASHELLS,641,16
57300,SUBMISSION,,VOLCANIC_ROCK_VOUCHER_9500,SEASHELLS,641,1
57300,,SUBMISSION,VOLCANIC_ROCK_VOUCHER_9750,SEASHELLS,393,16
57300,,SUBMISSION,VOLCANIC_ROCK_VOUCHER_9750,SEASHELLS,393,1
57400,SUBMISSION,,KELP,SEASHELLS,2037,5
57400,,SUBMISSION,VOLCANIC_ROCK_VOUCHER_10000,SEASHELLS,164,16
57400,,SUBMISSION,VOLCANIC_ROCK_VOUCHER_10000,SEASHELLS,164,2
57400,,SUBMISSION,VOLCANIC_ROCK_VOUCHER_9500,SEASHELLS,640,16
57400,,SUBMISSION,VOLCANIC_ROCK_VOUCHER_9500,SEASHELLS,640,2
57400,SUBMISSION,,VOLCANIC_ROCK_VOUCHER_9750,SEASHELLS,392,16
57400,SUBMISSION,,VOLCANIC_ROCK_VOUCHER_9750,SEASHELLS,392,2
57600,SUBMISSION,,VOLCANIC_ROCK_VOUCHER_10000,SEASHELLS,161,1
57700,SUBMISSION,,VOLCANIC_ROCK_VOUCHER_9500,SEASHELLS,643,1
57700,SUBMISSION,,VOLCANIC_ROCK_VOUCHER_9750,SEASHELLS,395,10
57700,SUBMISSION,,VOLCANIC_ROCK_VOUCHER_9750,SEASHELLS,395,2
57900,,SUBMISSION,RAINFOREST_RESIN,SEASHELLS,10003,7
57900,,SUBMISSION,VOLCANIC_ROCK_VOUCHER_10000,SEASHELLS,171,17
57900,,SUBMISSION,VOLCANIC_ROCK_VOUCHER_10000,SEASHELLS,171,2
57900,,SUBMISSION,VOLCANIC_ROCK_VOUCHER_9500,SEASHELLS,647,17
57900,,SUBMISSION,VOLCANIC_ROCK_VOUCHER_9500,SEASHELLS,647,2
57900,SUBMISSION,,VOLCANIC_ROCK_VOUCHER_9750,SEASHELLS,399,17
57900,SUBMISSION,,VOLCANIC_ROCK_VOUCHER_9750,SEASHELLS,399,2
58000,SUBMISSION,,VOLCANIC_ROCK_VOUCHER_9500,SEASHELLS,647,19
58000,SUBMISSION,,VOLCANIC_ROCK_VOUCHER_9750,SEASHELLS,399,5
58200,,SUBMISSION,KELP,SEASHELLS,2038,1
58200,,SUBMISSION,KELP,SEASHELLS,2038,9
58200,SUBMISSION,,VOLCANIC_ROCK_VOUCHER_10000,SEASHELLS,165,19
58300,,SUBMISSION,RAINFOREST_RESIN,SEASHELLS,10000,5
58400,,SUBMISSION,KELP,SEASHELLS,2038,1
58400,SUBMISSION,,VOLCANIC_ROCK_VOUCHER_10000,SEASHELLS,163,17
58400,,SUBMISSION,VOLCANIC_ROCK_VOUCHER_9750,SEASHELLS,397,17
58500,,SUBMISSION,RAINFOREST_RESIN,SEASHELLS,10007,5
58500,,SUBMISSION,VOLCANIC_ROCK_VOUCHER_10000,SEASHELLS,165,11
58500,,SUBMISSION,VOLCANIC_ROCK_VOUCHER_10000,SEASHELLS,165,1
58500,SUBMISSION,,VOLCANIC_ROCK_VOUCHER_9750,SEASHELLS,397,11
58500,SUBMISSION,,VOLCANIC_ROCK_VOUCHER_9750,SEASHELLS,397,1
58600,SUBMISSION,,VOLCANIC_ROCK_VOUCHER_10000,SEASHELLS,162,12
58600,,SUBMISSION,VOLCANIC_ROCK_VOUCHER_9750,SEASHELLS,396,12
58900,SUBMISSION,,KELP,SEASHELLS,2038,2
58900,SUBMISSION,,VOLCANIC_ROCK_VOUCHER_10250,SEASHELLS,29,3
58900,SUBMISSION,,VOLCANIC_ROCK_VOUCHER_10500,SEASHELLS,2,3
58900,SUBMISSION,,VOLCANIC_ROCK_VOUCHER_9500,SEASHELLS,644,3
59000,SUBMISSION,,VOLCANIC_ROCK_VOUCHER_10000,SEASHELLS,164,19
59000,SUBMISSION,,VOLCANIC_ROCK_VOUCHER_9500,SEASHELLS,643,19
59000,,SUBMISSION,VOLCANIC_ROCK_VOUCHER_9750,SEASHELLS,394,19
59100,,SUBMISSION,VOLCANIC_ROCK_VOUCHER_10250,SEASHELLS,29,2
59100,,SUBMISSION,VOLCANIC_ROCK_VOUCHER_9500,SEASHELLS,645,14
59100,,SUBMISSION,VOLCANIC_ROCK_VOUCHER_9500,SEASHELLS,645,1
59300,SUBMISSION,,KELP,SEASHELLS,2037,2
59500,SUBMISSION,,KELP,SEASHELLS,2037,1
59500,SUBMISSION,,VOLCANIC_ROCK_VOUCHER_10500,SEASHELLS,2,3
59600,,SUBMISSION,VOLCANIC_ROCK_VOUCHER_10000,SEASHELLS,166,10
59600,,SUBMISSION,VOLCANIC_ROCK_VOUCHER_9500,SEASHELLS,645,7
59600,SUBMISSION,,VOLCANIC_ROCK_VOUCHER_9750,SEASHELLS,398,10
59700,,SUBMISSION,VOLCANIC_ROCK_VOUCHER_10250,SEASHELLS,30,17
59700,,SUBMISSION,VOLCANIC_ROCK_VOUCHER_10250,SEASHELLS,30,2
59800,,SUBMISSION,RAINFOREST_RESIN,SEASHELLS,10007,4
59900,SUBMISSION,,VOLCANIC_ROCK_VOUCHER_10250,SEASHELLS,32,10
59900,SUBMISSION,,VOLCANIC_ROCK_VOUCHER_10250,SEASHELLS,32,2
60000,,SUBMISSION,RAINFOREST_RESIN,SEASHELLS,10007,9
60000,,SUBMISSION,VOLCANIC_ROCK_VOUCHER_10000,SEASHELLS,169,11
60000,,SUBMISSION,VOLCANIC_ROCK_VOUCHER_10250,SEASHELLS,31,11
60100,,SUBMISSION,KELP,SEASHELLS,2038,4
60100,SUBMISSION,,VOLCANIC_ROCK_VOUCHER_10250,SEASHELLS,33,18
60300,,SUBMISSION,VOLCANIC_ROCK_VOUCHER_10000,SEASHELLS,172,13
60400,,SUBMISSION,KELP,SEASHELLS,2038,1
60400,SUBMISSION,,KELP,SEASHELLS,2037,15
60600,,SUBMISSION,KELP,SEASHELLS,2038,1
60600,,SUBMISSION,VOLCANIC_ROCK_VOUCHER_10000,SEASHELLS,174,2
60600,SUBMISSION,,VOLCANIC_ROCK_VOUCHER_9750,SEASHELLS,410,16
60600,SUBMISSION,,VOLCANIC_ROCK_VOUCHER_9750,SEASHELLS,410,1
60700,SUBMISSION,,KELP,SEASHELLS,2037,2
60700,,SUBMISSION,RAINFOREST_RESIN,SEASHELLS,10000,2
60700,SUBMISSION,,VOLCANIC_ROCK_VOUCHER_9750,SEASHELLS,410,9
60800,SUBMISSION,,VOLCANIC_ROCK_VOUCHER_10250,SEASHELLS,34,19
60800,SUBMISSION,,VOLCANIC_ROCK_VOUCHER_10250,SEASHELLS,34,2
60800,SUBMISSION,,VOLCANIC_ROCK_VOUCHER_9500,SEASHELLS,660,19
60800,SUBMISSION,,VOLCANIC_ROCK_VOUCHER_9500,SEASHELLS,660,2
60800,,SUBMISSION,VOLCANIC_ROCK_VOUCHER_9750,SEASHELLS,411,19
60800,,SUBMISSION,VOLCANIC_ROCK_VOUCHER_9750,SEASHELLS,411,2
60900,SUBMISSION,,VOLCANIC_ROCK_VOUCHER_10250,SEASHELLS,34,14
60900,SUBMISSION,,VOLCANIC_ROCK_VOUCHER_9500,SEASHELLS,661,14
61000,SUBMISSION,,RAINFOREST_RESIN,SEASHELLS,9999,1
61000,,SUBMISSION,VOLCANIC_ROCK_VOUCHER_10250,SEASHELLS,34,19
61000,,SUBMISSION,VOLCANIC_ROCK_VOUCHER_9500,SEASHELLS,661,19
61100,SUBMISSION,,RAINFOREST_RESIN,SEASHELLS,9993,2
61100,,SUBMISSION,VOLCANIC_ROCK_VOUCHER_10250,SEASHELLS,33,12
61100,,SUBMISSION,VOLCANIC_ROCK_VOUCHER_10250,SEASHELLS,33,1
61100,,SUBMISSION,VOLCANIC_ROCK_VOUCHER_9500,SEASHELLS,660,12
61100,,SUBMISSION,VOLCANIC_ROCK_VOUCHER_9500,SEASHELLS,660,1
61200,SUBMISSION,,KELP,SEASHELLS,2037,1
61200,,SUBMISSION,KELP,SEASHELLS,2038,8
61200,SUBMISSION,,KELP,SEASHELLS,2037,8
61200,,SUBMISSION,VOLCANIC_ROCK_VOUCHER_10250,SEASHELLS,33,3
61200,,SUBMISSION,VOLCANIC_ROCK_VOUCHER_9500,SEASHELLS,659,3
61300,,SUBMISSION,RAINFOREST_RESIN,SEASHELLS,10002,4
61300,SUBMISSION,,VOLCANIC_ROCK_VOUCHER_9750,SEASHELLS,412,19
61300,SUBMISSION,,VOLCANIC_ROCK_VOUCHER_9750,SEASHELLS,412,1
61400,SUBMISSION,,RAINFOREST_RESIN,SEASHELLS,9999,1
61400,SUBMISSION,,VOLCANIC_ROCK_VOUCHER_9500,SEASHELLS,660,16
61400,SUBMISSION,,VOLCANIC_ROCK_VOUCHER_9500,SEASHELLS,660,1
61400,,SUBMISSION,VOLCANIC_ROCK_VOUCHER_9750,SEASHELLS,411,16
61400,,SUBMISSION,VOLCANIC_ROCK_VOUCHER_9750,SEASHELLS,411,1
61500,SUBMISSION,,KELP,SEASHELLS,2038,2
61600,,SUBMISSION,VOLCANIC_ROCK_VOUCHER_9500,SEASHELLS,657,15
61600,,SUBMISSION,VOLCANIC_ROCK_VOUCHER_9500,SEASHELLS,657,2
61700,SUBMISSION,,KELP,SEASHELLS,2038,2
61700,,SUBMISSION,RAINFOREST_RESIN,SEASHELLS,10003,4
61900,,SUBMISSION,KELP,SEASHELLS,2039,2
61900,SUBMISSION,,VOLCANIC_ROCK_VOUCHER_10000,SEASHELLS,173,17
61900,SUBMISSION,,VOLCANIC_ROCK_VOUCHER_10000,SEASHELLS,173,2
61900,SUBMISSION,,VOLCANIC_ROCK_VOUCHER_9500,SEASHELLS,657,17
61900,SUBMISSION,,VOLCANIC_ROCK_VOUCHER_9500,SEASHELLS,657,2
61900,,SUBMISSION,VOLCANIC_ROCK_VOUCHER_9750,SEASHELLS,408,17
61900,,SUBMISSION,VOLCANIC_ROCK_VOUCHER_9750,SEASHELLS,408,2
62100,SUBMISSION,,KELP,SEASHELLS,2037,2
62100,SUBMISSION,,KELP,SEASHELLS,2037,1
62100,SUBMISSION,,VOLCANIC_ROCK_VOUCHER_10250,SEASHELLS,34,20
62100,SUBMISSION,,VOLCANIC_ROCK_VOUCHER_9500,SEASHELLS,660,20
62100,,SUBMISSION,VOLCANIC_ROCK_VOUCHER_9750,SEASHELLS,411,20
62200,SUBMISSION,,KELP,SEASHELLS,2037,2
62200,,SUBMISSION,VOLCANIC_ROCK_VOUCHER_10000,SEASHELLS,177,5
62200,,SUBMISSION,VOLCANIC_ROCK_VOUCHER_10000,SEASHELLS,177,1
62200,,SUBMISSION,VOLCANIC_ROCK_VOUCHER_9500,SEASHELLS,662,5
62200,,SUBMISSION,VOLCANIC_ROCK_VOUCHER_9500,SEASHELLS,662,1
62200,SUBMISSION,,VOLCANIC_ROCK_VOUCHER_9750,SEASHELLS,414,10
62200,SUBMISSION,,VOLCANIC_ROCK_VOUCHER_9750,SEASHELLS,414,1
62300,,SUBMISSION,VOLCANIC_ROCK_VOUCHER_10000,SEASHELLS,179,11
62300,,SUBMISSION,VOLCANIC_ROCK_VOUCHER_10000,SEASHELLS,179,1
62300,,SUBMISSION,VOLCANIC_ROCK_VOUCHER_10000,SEASHELLS,179,1
62300,,SUBMISSION,VOLCANIC_ROCK_VOUCHER_10250,SEASHELLS,34,11
62300,,SUBMISSION,VOLCANIC_ROCK_VOUCHER_10250,SEASHELLS,34,1
62300,,SUBMISSION,VOLCANIC_ROCK_VOUCHER_10250,SEASHELLS,34,8
62300,,SUBMISSION,VOLCANIC_ROCK_VOUCHER_9500,SEASHELLS,662,11
62300,,SUBMISSION,VOLCANIC_ROCK_VOUCHER_9500,SEASHELLS,662,1
62300,,SUBMISSION,VOLCANIC_ROCK_VOUCHER_9500,SEASHELLS,662,10
62500,SUBMISSION,,KELP,SEASHELLS,2038,2
62700,SUBMISSION,,KELP,SEASHELLS,2038,6
62800,,SUBMISSION,VOLCANIC_ROCK_VOUCHER_9500,SEASHELLS,656,11
62900,,SUBMISSION,VOLCANIC_ROCK_VOUCHER_10000,SEASHELLS,175,16
62900,,SUBMISSION,VOLCANIC_ROCK_VOUCHER_10000,SEASHELLS,175,2
63000,SUBMISSION,,VOLCANIC_ROCK_VOUCHER_10000,SEASHELLS,172,18
63100,SUBMISSION,,VOLCANIC_ROCK_VOUCHER_9750,SEASHELLS,411,16
63100,SUBMISSION,,VOLCANIC_ROCK_VOUCHER_9750,SEASHELLS,411,1
63400,SUBMISSION,,VOLCANIC_ROCK_VOUCHER_10000,SEASHELLS,175,11
63400,SUBMISSION,,VOLCANIC_ROCK_VOUCHER_10000,SEASHELLS,175,1
63400,SUBMISSION,,VOLCANIC_ROCK_VOUCHER_9500,SEASHELLS,658,11
63400,SUBMISSION,,VOLCANIC_ROCK_VOUCHER_9500,SEASHELLS,658,1
63400,,SUBMISSION,VOLCANIC_ROCK_VOUCHER_9750,SEASHELLS,409,11
63400,,SUBMISSION,VOLCANIC_ROCK_VOUCHER_9750,SEASHELLS,409,1
63500,SUBMISSION,,KELP,SEASHELLS,2038,2
63500,SUBMISSION,,VOLCANIC_ROCK_VOUCHER_10000,SEASHELLS,170,15
63600,,SUBMISSION,VOLCANIC_ROCK_VOUCHER_9500,SEASHELLS,656,12
63700,,SUBMISSION,RAINFOREST_RESIN,SEASHELLS,10003,9
63700,SUBMISSION,,VOLCANIC_ROCK_VOUCHER_9750,SEASHELLS,409,20
63800,,SUBMISSION,KELP,SEASHELLS,2039,1
63800,SUBMISSION,,PICNIC_BASKET1,SEASHELLS,58210,14
63800,SUBMISSION,,RAINFOREST_RESIN,SEASHELLS,9998,5
63800,SUBMISSION,,RAINFOREST_RESIN,SEASHELLS,9993,4
63900,SUBMISSION,,KELP,SEASHELLS,2038,4
63900,SUBMISSION,,KELP,SEASHELLS,2038,1
63900,SUBMISSION,,PICNIC_BASKET1,SEASHELLS,58207,1
64100,SUBMISSION,,PICNIC_BASKET1,SEASHELLS,58201,1
64100,SUBMISSION,,RAINFOREST_RESIN,SEASHELLS,9998,5
64200,SUBMISSION,,PICNIC_BASKET1,SEASHELLS,58201,10
64200,SUBMISSION,,PICNIC_BASKET1,SEASHELLS,58201,1
64200,,SUBMISSION,VOLCANIC_ROCK_VOUCHER_10000,SEASHELLS,176,10
64200,,SUBMISSION,VOLCANIC_ROCK_VOUCHER_10000,SEASHELLS,176,1
64300,SUBMISSION,,PICNIC_BASKET1,SEASHELLS,58200,2
64300,,SUBMISSION,VOLCANIC_ROCK_VOUCHER_10000,SEASHELLS,175,13
64300,,SUBMISSION,VOLCANIC_ROCK_VOUCHER_10000,SEASHELLS,175,2
64400,SUBMISSION,,PICNIC_BASKET1,SEASHELLS,58202,1
64400,,SUBMISSION,RAINFOREST_RESIN,SEASHELLS,10001,1
64500,SUBMISSION,,PICNIC_BASKET1,SEASHELLS,58202,13
64500,,SUBMISSION,VOLCANIC_ROCK_VOUCHER_10000,SEASHELLS,175,13
64600,SUBMISSION,,PICNIC_BASKET1,SEASHELLS,58203,2
64700,SUBMISSION,,PICNIC_BASKET1,SEASHELLS,58206,11
64700,SUBMISSION,,PICNIC_BASKET1,SEASHELLS,58206,1
64700,SUBMISSION,,RAINFOREST_RESIN,SEASHELLS,9998,3
64800,SUBMISSION,,PICNIC_BASKET1,SEASHELLS,58200,2
64800,,SUBMISSION,RAINFOREST_RESIN,SEASHELLS,10007,10
64800,SUBMISSION,,VOLCANIC_ROCK_VOUCHER_10000,SEASHELLS,175,11
64900,SUBMISSION,,PICNIC_BASKET1,SEASHELLS,58212,1
64900,SUBMISSION,,VOLCANIC_ROCK_VOUCHER_10000,SEASHELLS,180,1
64900,SUBMISSION,,VOLCANIC_ROCK_VOUCHER_9750,SEASHELLS,413,16
65000,,SUBMISSION,RAINFOREST_RESIN,SEASHELLS,10001,1
65000,,SUBMISSION,VOLCANIC_ROCK_VOUCHER_10000,SEASHELLS,182,3
65000,,SUBMISSION,VOLCANIC_ROCK_VOUCHER_10000,SEASHELLS,182,2
65000,,SUBMISSION,VOLCANIC_ROCK_VOUCHER_9500,SEASHELLS,662,3
65000,,SUBMISSION,VOLCANIC_ROCK_VOUCHER_9500,SEASHELLS,662,2
65000,SUBMISSION,,VOLCANIC_ROCK_VOUCHER_9750,SEASHELLS,414,20
65000,SUBMISSION,,VOLCANIC_ROCK_VOUCHER_9750,SEASHELLS,414,2
65100,,SUBMISSION,KELP,SEASHELLS,2042,1
65100,,SUBMISSION,RAINFOREST_RESIN,SEASHELLS,10002,5
65400,,SUBMISSION,KELP,SEASHELLS,2042,3
65500,SUBMISSION,,VOLCANIC_ROCK_VOUCHER_9500,SEASHELLS,658,5
65700,,SUBMISSION,KELP,SEASHELLS,2042,1
65700,SUBMISSION,,VOLCANIC_ROCK_VOUCHER_10000,SEASHELLS,174,12
65700,SUBMISSION,,VOLCANIC_ROCK_VOUCHER_10000,SEASHELLS,174,2
65700,SUBMISSION,,VOLCANIC_ROCK_VOUCHER_9500,SEASHELLS,657,12
65700,SUBMISSION,,VOLCANIC_ROCK_VOUCHER_9500,SEASHELLS,657,2
65700,,SUBMISSION,VOLCANIC_ROCK_VOUCHER_9750,SEASHELLS,408,12
65700,,SUBMISSION,VOLCANIC_ROCK_VOUCHER_9750,SEASHELLS,408,2
65800,,SUBMISSION,KELP,SEASHELLS,2042,4
65800,,SUBMISSION,VOLCANIC_ROCK_VOUCHER_9500,SEASHELLS,655,14
65800,,SUBMISSION,VOLCANIC_ROCK_VOUCHER_9750,SEASHELLS,406,3
65900,,SUBMISSION,VOLCANIC_ROCK_VOUCHER_10000,SEASHELLS,173,9
66000,,SUBMISSION,KELP,SEASHELLS,2042,2
66000,SUBMISSION,,VOLCANIC_ROCK_VOUCHER_10250,SEASHELLS,33,13
66000,SUBMISSION,,VOLCANIC_ROCK_VOUCHER_10250,SEASHELLS,33,1
66000,SUBMISSION,,VOLCANIC_ROCK_VOUCHER_9500,SEASHELLS,656,13
66000,SUBMISSION,,VOLCANIC_ROCK_VOUCHER_9500,SEASHELLS,656,1
66100,SUBMISSION,,RAINFOREST_RESIN,SEASHELLS,9999,1
66100,,SUBMISSION,VOLCANIC_ROCK_VOUCHER_10250,SEASHELLS,32,14
66100,,SUBMISSION,VOLCANIC_ROCK_VOUCHER_9500,SEASHELLS,655,14
66600,,SUBMISSION,RAINFOREST_RESIN,SEASHELLS,10007,2
66700,SUBMISSION,,RAINFOREST_RESIN,SEASHELLS,9998,3
66700,,SUBMISSION,RAINFOREST_RESIN,SEASHELLS,10007,1
67000,,SUBMISSION,VOLCANIC_ROCK_VOUCHER_10000,SEASHELLS,169,11
67000,,SUBMISSION,VOLCANIC_ROCK_VOUCHER_10000,SEASHELLS,169,1
67000,,SUBMISSION,VOLCANIC_ROCK_VOUCHER_10250,SEASHELLS,31,11
67000,,SUBMISSION,VOLCANIC_ROCK_VOUCHER_10250,SEASHELLS,31,1
67000,,SUBMISSION,VOLCANIC_ROCK_VOUCHER_9500,SEASHELLS,652,11
67000,,SUBMISSION,VOLCANIC_ROCK_VOUCHER_9500,SEASHELLS,652,1
67000,SUBMISSION,,VOLCANIC_ROCK_VOUCHER_9750,SEASHELLS,403,11
67000,SUBMISSION,,VOLCANIC_ROCK_VOUCHER_9750,SEASHELLS,403,1
67200,,SUBMISSION,KELP,SEASHELLS,2043,7
67300,,SUBMISSION,RAINFOREST_RESIN,SEASHELLS,10001,1
67300,SUBMISSION,,VOLCANIC_ROCK_VOUCHER_10000,SEASHELLS,171,12
67600,SUBMISSION,,VOLCANIC_ROCK_VOUCHER_10250,SEASHELLS,31,12
67700,SUBMISSION,,VOLCANIC_ROCK_VOUCHER_10000,SEASHELLS,165,18
67700,SUBMISSION,,VOLCANIC_ROCK_VOUCHER_10000,SEASHELLS,165,1
67800,,SUBMISSION,VOLCANIC_ROCK_VOUCHER_10000,SEASHELLS,166,16
67800,,SUBMISSION,VOLCANIC_ROCK_VOUCHER_10000,SEASHELLS,166,2
67900,SUBMISSION,,VOLCANIC_ROCK_VOUCHER_10000,SEASHELLS,163,19
67900,SUBMISSION,,VOLCANIC_ROCK_VOUCHER_10000,SEASHELLS,163,1
68000,SUBMISSION,,KELP,SEASHELLS,2042,2
68100,,SUBMISSION,VOLCANIC_ROCK_VOUCHER_10000,SEASHELLS,168,11
68100,,SUBMISSION,VOLCANIC_ROCK_VOUCHER_10000,SEASHELLS,168,2
68200,SUBMISSION,,RAINFOREST_RESIN,SEASHELLS,9993,1
68400,SUBMISSION,,RAINFOREST_RESIN,SEASHELLS,9999,1
68400,,SUBMISSION,VOLCANIC_ROCK_VOUCHER_10000,SEASHELLS,165,8
68400,,SUBMISSION,VOLCANIC_ROCK_VOUCHER_10250,SEASHELLS,30,12
68400,,SUBMISSION,VOLCANIC_ROCK_VOUCHER_10250,SEASHELLS,30,1
68400,SUBMISSION,,VOLCANIC_ROCK_VOUCHER_9500,SEASHELLS,649,12
68500,SUBMISSION,,KELP,SEASHELLS,2041,1
68500,SUBMISSION,,KELP,SEASHELLS,2041,5
68600,,SUBMISSION,VOLCANIC_ROCK_VOUCHER_10000,SEASHELLS,171,16
68600,,SUBMISSION,VOLCANIC_ROCK_VOUCHER_10000,SEASHELLS,171,1
68600,,SUBMISSION,VOLCANIC_ROCK_VOUCHER_10000,SEASHELLS,171,10
68700,SUBMISSION,,VOLCANIC_ROCK_VOUCHER_10000,SEASHELLS,169,12
68700,SUBMISSION,,VOLCANIC_ROCK_VOUCHER_10000,SEASHELLS,169,1
68800,SUBMISSION,,VOLCANIC_ROCK_VOUCHER_10250,SEASHELLS,32,13
68900,,SUBMISSION,RAINFOREST_RESIN,SEASHELLS,10002,4
68900,,SUBMISSION,RAINFOREST_RESIN,SEASHELLS,10007,2
68900,,SUBMISSION,VOLCANIC_ROCK_VOUCHER_10000,SEASHELLS,174,20
68900,SUBMISSION,,VOLCANIC_ROCK_VOUCHER_9750,SEASHELLS,405,20
69000,SUBMISSION,,VOLCANIC_ROCK_VOUCHER_10000,SEASHELLS,172,16
69100,SUBMISSION,,VOLCANIC_ROCK_VOUCHER_10250,SEASHELLS,32,20
69200,SUBMISSION,,RAINFOREST_RESIN,SEASHELLS,9998,4
69200,SUBMISSION,,VOLCANIC_ROCK_VOUCHER_10250,SEASHELLS,33,17
69200,SUBMISSION,,VOLCANIC_ROCK_VOUCHER_10250,SEASHELLS,33,1
69400,SUBMISSION,,KELP,SEASHELLS,2041,6
69500,,SUBMISSION,VOLCANIC_ROCK_VOUCHER_10250,SEASHELLS,32,16
69500,,SUBMISSION,VOLCANIC_ROCK_VOUCHER_10250,SEASHELLS,32,1
69600,SUBMISSION,,KELP,SEASHELLS,2041,1
69600,,SUBMISSION,RAINFOREST_RESIN,SEASHELLS,10003,7
69900,SUBMISSION,,VOLCANIC_ROCK_VOUCHER_10000,SEASHELLS,177,11
69900,SUBMISSION,,VOLCANIC_ROCK_VOUCHER_10000,SEASHELLS,177,2
69900,,SUBMISSION,VOLCANIC_ROCK_VOUCHER_10250,SEASHELLS,33,11
69900,,SUBMISSION,VOLCANIC_ROCK_VOUCHER_10250,SEASHELLS,33,2
69900,,SUBMISSION,VOLCANIC_ROCK_VOUCHER_9750,SEASHELLS,409,11
69900,,SUBMISSION,VOLCANIC_ROCK_VOUCHER_9750,SEASHELLS,409,2
70000,SUBMISSION,,RAINFOREST_RESIN,SEASHELLS,9998,5
70000,SUBMISSION,,VOLCANIC_ROCK_VOUCHER_10250,SEASHELLS,33,19
70100,,SUBMISSION,KELP,SEASHELLS,2042,1
70100,,SUBMISSION,RAINFOREST_RESIN,SEASHELLS,10002,2
70200,,SUBMISSION,VOLCANIC_ROCK_VOUCHER_9750,SEASHELLS,407,11
70300,,SUBMISSION,VOLCANIC_ROCK_VOUCHER_10250,SEASHELLS,33,11
70300,,SUBMISSION,VOLCANIC_ROCK_VOUCHER_10250,SEASHELLS,33,1
70400,SUBMISSION,,VOLCANIC_ROCK_VOUCHER_10000,SEASHELLS,176,5
70400,,SUBMISSION,VOLCANIC_ROCK_VOUCHER_10250,SEASHELLS,33,15
70500,,SUBMISSION,KELP,SEASHELLS,2042,13
70500,SUBMISSION,,KELP,SEASHELLS,2041,2
70500,SUBMISSION,,RAINFOREST_RESIN,SEASHELLS,9999,1
70600,,SUBMISSION,VOLCANIC_ROCK_VOUCHER_9750,SEASHELLS,413,8
70800,,SUBMISSION,KELP,SEASHELLS,2042,1
70900,,SUBMISSION,VOLCANIC_ROCK_VOUCHER_10000,SEASHELLS,174,18
71000,SUBMISSION,,VOLCANIC_ROCK_VOUCHER_10000,SEASHELLS,172,18
71100,,SUBMISSION,RAINFOREST_RESIN,SEASHELLS,10003,1
71300,,SUBMISSION,VOLCANIC_ROCK_VOUCHER_10000,SEASHELLS,175,20
71300,,SUBMISSION,VOLCANIC_ROCK_VOUCHER_10000,SEASHELLS,175,1
71300,,SUBMISSION,VOLCANIC_ROCK_VOUCHER_10250,SEASHELLS,33,20
71300,,SUBMISSION,VOLCANIC_ROCK_VOUCHER_10250,SEASHELLS,33,1
71300,,SUBMISSION,VOLCANIC_ROCK_VOUCHER_9500,SEASHELLS,658,20
71300,,SUBMISSION,VOLCANIC_ROCK_VOUCHER_9500,SEASHELLS,658,1
71300,SUBMISSION,,VOLCANIC_ROCK_VOUCHER_9750,SEASHELLS,409,20
71300,SUBMISSION,,VOLCANIC_ROCK_VOUCHER_9750,SEASHELLS,409,1
71400,SUBMISSION,,RAINFOREST_RESIN,SEASHELLS,9998,5
71400,SUBMISSION,,VOLCANIC_ROCK_VOUCHER_10000,SEASHELLS,177,20
71400,SUBMISSION,,VOLCANIC_ROCK_VOUCHER_10000,SEASHELLS,177,1
71400,SUBMISSION,,VOLCANIC_ROCK_VOUCHER_9500,SEASHELLS,661,20
71400,SUBMISSION,,VOLCANIC_ROCK_VOUCHER_9500,SEASHELLS,661,1
71400,,SUBMISSION,VOLCANIC_ROCK_VOUCHER_9750,SEASHELLS,412,20
71400,,SUBMISSION,VOLCANIC_ROCK_VOUCHER_9750,SEASHELLS,412,1
71500,SUBMISSION,,VOLCANIC_ROCK_VOUCHER_10250,SEASHELLS,34,10
71600,,SUBMISSION,VOLCANIC_ROCK_VOUCHER_10000,SEASHELLS,180,19
71600,,SUBMISSION,VOLCANIC_ROCK_VOUCHER_10000,SEASHELLS,180,1
71800,SUBMISSION,,RAINFOREST_RESIN,SEASHELLS,10000,2
71800,SUBMISSION,,VOLCANIC_ROCK_VOUCHER_10250,SEASHELLS,34,16
71800,SUBMISSION,,VOLCANIC_ROCK_VOUCHER_10250,SEASHELLS,34,1
71900,SUBMISSION,,RAINFOREST_RESIN,SEASHELLS,9993,1
72000,,SUBMISSION,VOLCANIC_ROCK_VOUCHER_10250,SEASHELLS,33,6
72100,,SUBMISSION,RAINFOREST_RESIN,SEASHELLS,10001,1
72100,SUBMISSION,,VOLCANIC_ROCK_VOUCHER_10250,SEASHELLS,34,10
72100,SUBMISSION,,VOLCANIC_ROCK_VOUCHER_10250,SEASHELLS,34,1
72200,SUBMISSION,,KELP,SEASHELLS,2040,13
72200,,SUBMISSION,VOLCANIC_ROCK_VOUCHER_10250,SEASHELLS,33,10
72200,,SUBMISSION,VOLCANIC_ROCK_VOUCHER_10250,SEASHELLS,33,1
72300,SUBMISSION,,VOLCANIC_ROCK_VOUCHER_10000,SEASHELLS,177,18
72400,,SUBMISSION,KELP,SEASHELLS,2041,2
72400,SUBMISSION,,RAINFOREST_RESIN,SEASHELLS,9999,1
72400,SUBMISSION,,VOLCANIC_ROCK_VOUCHER_10000,SEASHELLS,175,2
72500,,SUBMISSION,RAINFOREST_RESIN,SEASHELLS,10002,4
72600,SUBMISSION,,KELP,SEASHELLS,2040,1
72600,SUBMISSION,,RAINFOREST_RESIN,SEASHELLS,9998,3
72700,,SUBMISSION,KELP,SEASHELLS,2041,1
73200,SUBMISSION,,RAINFOREST_RESIN,SEASHELLS,9997,7
73300,,SUBMISSION,KELP,SEASHELLS,2042,15
73300,,SUBMISSION,VOLCANIC_ROCK_VOUCHER_10000,SEASHELLS,180,16
73400,,SUBMISSION,KELP,SEASHELLS,2042,1
73400,SUBMISSION,,VOLCANIC_ROCK_VOUCHER_10000,SEASHELLS,179,20
73600,,SUBMISSION,KELP,SEASHELLS,2042,1
73700,,SUBMISSION,VOLCANIC_ROCK_VOUCHER_10000,SEASHELLS,179,4
74000,SUBMISSION,,RAINFOREST_RESIN,SEASHELLS,9993,1
74000,,SUBMISSION,VOLCANIC_ROCK_VOUCHER_10000,SEASHELLS,180,1
74000,,SUBMISSION,VOLCANIC_ROCK_VOUCHER_9500,SEASHELLS,663,1
74000,SUBMISSION,,VOLCANIC_ROCK_VOUCHER_9750,SEASHELLS,414,17
74000,SUBMISSION,,VOLCANIC_ROCK_VOUCHER_9750,SEASHELLS,414,1
74100,SUBMISSION,,KELP,SEASHELLS,2041,1
74100,SUBMISSION,,KELP,SEASHELLS,2042,2
74100,SUBMISSION,,KELP,SEASHELLS,2042,3
74300,SUBMISSION,,VOLCANIC_ROCK_VOUCHER_9500,SEASHELLS,669,1
74300,,SUBMISSION,VOLCANIC_ROCK_VOUCHER_9750,SEASHELLS,419,16
74300,,SUBMISSION,VOLCANIC_ROCK_VOUCHER_9750,SEASHELLS,419,1
74400,SUBMISSION,,KELP,SEASHELLS,2041,1
74500,,SUBMISSION,RAINFOREST_RESIN,SEASHELLS,10007,2
74500,SUBMISSION,,VOLCANIC_ROCK_VOUCHER_10250,SEASHELLS,37,10
74500,SUBMISSION,,VOLCANIC_ROCK_VOUCHER_10250,SEASHELLS,37,2
74500,SUBMISSION,,VOLCANIC_ROCK_VOUCHER_9500,SEASHELLS,670,10
74500,SUBMISSION,,VOLCANIC_ROCK_VOUCHER_9500,SEASHELLS,670,2
74700,SUBMISSION,,KELP,SEASHELLS,2041,2
74800,,SUBMISSION,VOLCANIC_ROCK_VOUCHER_9500,SEASHELLS,666,10
74800,,SUBMISSION,VOLCANIC_ROCK_VOUCHER_9750,SEASHELLS,417,1
74900,,SUBMISSION,RAINFOREST_RESIN,SEASHELLS,10001,1
75300,SUBMISSION,,VOLCANIC_ROCK_VOUCHER_10000,SEASHELLS,184,1
75300,,SUBMISSION,VOLCANIC_ROCK_VOUCHER_10250,SEASHELLS,35,12
75300,,SUBMISSION,VOLCANIC_ROCK_VOUCHER_9500,SEASHELLS,667,2
75900,SUBMISSION,,RAINFOREST_RESIN,SEASHELLS,9998,1
76100,SUBMISSION,,VOLCANIC_ROCK_VOUCHER_10250,SEASHELLS,35,10
76200,,SUBMISSION,VOLCANIC_ROCK_VOUCHER_10250,SEASHELLS,33,10
76300,,SUBMISSION,RAINFOREST_RESIN,SEASHELLS,10003,8
76400,,SUBMISSION,KELP,SEASHELLS,2042,2
76400,,SUBMISSION,KELP,SEASHELLS,2042,6
76700,,SUBMISSION,KELP,SEASHELLS,2043,8
76700,SUBMISSION,,RAINFOREST_RESIN,SEASHELLS,9997,8
76700,SUBMISSION,,RAINFOREST_RESIN,SEASHELLS,9993,7
76900,SUBMISSION,,VOLCANIC_ROCK_VOUCHER_10000,SEASHELLS,168,15
76900,SUBMISSION,,VOLCANIC_ROCK_VOUCHER_10000,SEASHELLS,168,2
76900,SUBMISSION,,VOLCANIC_ROCK_VOUCHER_9500,SEASHELLS,654,15
76900,SUBMISSION,,VOLCANIC_ROCK_VOUCHER_9500,SEASHELLS,654,2
76900,,SUBMISSION,VOLCANIC_ROCK_VOUCHER_9750,SEASHELLS,405,15
76900,,SUBMISSION,VOLCANIC_ROCK_VOUCHER_9750,SEASHELLS,405,2
77100,,SUBMISSION,KELP,SEASHELLS,2043,3
77700,,SUBMISSION,VOLCANIC_ROCK_VOUCHER_10250,SEASHELLS,31,13
77700,,SUBMISSION,VOLCANIC_ROCK_VOUCHER_10250,SEASHELLS,31,1
77700,,SUBMISSION,VOLCANIC_ROCK_VOUCHER_9500,SEASHELLS,653,13
77700,,SUBMISSION,VOLCANIC_ROCK_VOUCHER_9500,SEASHELLS,653,1
77700,SUBMISSION,,VOLCANIC_ROCK_VOUCHER_9750,SEASHELLS,405,13
77700,SUBMISSION,,VOLCANIC_ROCK_VOUCHER_9750,SEASHELLS,405,1
77800,SUBMISSION,,KELP,SEASHELLS,2041,1
77900,,SUBMISSION,RAINFOREST_RESIN,SEASHELLS,10001,1
77900,SUBMISSION,,RAINFOREST_RESIN,SEASHELLS,9993,7
78000,,SUBMISSION,KELP,SEASHELLS,2043,9
78000,,SUBMISSION,KELP,SEASHELLS,2043,2
78100,SUBMISSION,,RAINFOREST_RESIN,SEASHELLS,9999,1
78100,SUBMISSION,,RAINFOREST_RESIN,SEASHELLS,9993,6
78200,,SUBMISSION,RAINFOREST_RESIN,SEASHELLS,10002,4
78200,,SUBMISSION,VOLCANIC_ROCK_VOUCHER_10000,SEASHELLS,165,17
78200,,SUBMISSION,VOLCANIC_ROCK_VOUCHER_10250,SEASHELLS,30,19
78200,,SUBMISSION,VOLCANIC_ROCK_VOUCHER_9500,SEASHELLS,648,3
78300,SUBMISSION,,RAINFOREST_RESIN,SEASHELLS,9993,8
78700,SUBMISSION,,KELP,SEASHELLS,2042,6
78800,,SUBMISSION,KELP,SEASHELLS,2043,8
78800,,SUBMISSION,RAINFOREST_RESIN,SEASHELLS,10007,2
78800,SUBMISSION,,VOLCANIC_ROCK_VOUCHER_10250,SEASHELLS,32,14
78800,SUBMISSION,,VOLCANIC_ROCK_VOUCHER_10250,SEASHELLS,32,1
79000,,SUBMISSION,VOLCANIC_ROCK_VOUCHER_10250,SEASHELLS,31,4
79000,,SUBMISSION,VOLCANIC_ROCK_VOUCHER_10250,SEASHELLS,31,1
79000,SUBMISSION,,VOLCANIC_ROCK_VOUCHER_9750,SEASHELLS,404,3
79200,SUBMISSION,,KELP,SEASHELLS,2042,9
79300,,SUBMISSION,KELP,SEASHELLS,2043,1
79300,,SUBMISSION,KELP,SEASHELLS,2043,9
79400,,SUBMISSION,KELP,SEASHELLS,2043,5
79400,SUBMISSION,,RAINFOREST_RESIN,SEASHELLS,9993,6
79500,,SUBMISSION,VOLCANIC_ROCK_VOUCHER_10250,SEASHELLS,31,13
79500,,SUBMISSION,VOLCANIC_ROCK_VOUCHER_10250,SEASHELLS,31,1
79600,,SUBMISSION,KELP,SEASHELLS,2044,1
79700,SUBMISSION,,RAINFOREST_RESIN,SEASHELLS,9993,1
79900,,SUBMISSION,RAINFOREST_RESIN,SEASHELLS,10007,5
79900,SUBMISSION,,VOLCANIC_ROCK_VOUCHER_10250,SEASHELLS,32,15
79900,SUBMISSION,,VOLCANIC_ROCK_VOUCHER_10250,SEASHELLS,32,2
80100,SUBMISSION,,KELP,SEASHELLS,2042,8
80100,SUBMISSION,,KELP,SEASHELLS,2043,4
80100,,SUBMISSION,VOLCANIC_ROCK_VOUCHER_10250,SEASHELLS,31,20
80100,,SUBMISSION,VOLCANIC_ROCK_VOUCHER_10250,SEASHELLS,31,1
80200,SUBMISSION,,VOLCANIC_ROCK_VOUCHER_10000,SEASHELLS,173,16
80200,SUBMISSION,,VOLCANIC_ROCK_VOUCHER_10000,SEASHELLS,173,1
80300,SUBMISSION,,VOLCANIC_ROCK_VOUCHER_10000,SEASHELLS,171,16
80300,SUBMISSION,,VOLCANIC_ROCK_VOUCHER_10000,SEASHELLS,171,1
80300,,SUBMISSION,VOLCANIC_ROCK_VOUCHER_9750,SEASHELLS,405,16
80300,,SUBMISSION,VOLCANIC_ROCK_VOUCHER_9750,SEASHELLS,405,1
80400,,SUBMISSION,VOLCANIC_ROCK_VOUCHER_10000,SEASHELLS,170,17
80400,,SUBMISSION,VOLCANIC_ROCK_VOUCHER_10250,SEASHELLS,31,17
80600,SUBMISSION,,KELP,SEASHELLS,2043,4
80600,,SUBMISSION,VOLCANIC_ROCK_VOUCHER_10000,SEASHELLS,176,16
80600,SUBMISSION,,VOLCANIC_ROCK_VOUCHER_9750,SEASHELLS,410,16
80700,SUBMISSION,,KELP,SEASHELLS,2042,2
80700,,SUBMISSION,RAINFOREST_RESIN,SEASHELLS,10001,1
80800,SUBMISSION,,KELP,SEASHELLS,2043,3
80800,,SUBMISSION,VOLCANIC_ROCK_VOUCHER_10000,SEASHELLS,179,1
80900,SUBMISSION,,VOLCANIC_ROCK_VOUCHER_10250,SEASHELLS,34,14
81000,SUBMISSION,,KELP,SEASHELLS,2043,1
81100,SUBMISSION,,VOLCANIC_ROCK_VOUCHER_10250,SEASHELLS,33,13
81100,SUBMISSION,,VOLCANIC_ROCK_VOUCHER_9750,SEASHELLS,409,1
81200,,SUBMISSION,VOLCANIC_ROCK_VOUCHER_9500,SEASHELLS,656,17
81200,,SUBMISSION,VOLCANIC_ROCK_VOUCHER_9500,SEASHELLS,656,1
81200,SUBMISSION,,VOLCANIC_ROCK_VOUCHER_9750,SEASHELLS,408,17
81200,SUBMISSION,,VOLCANIC_ROCK_VOUCHER_9750,SEASHELLS,408,1
81300,SUBMISSION,,VOLCANIC_ROCK_VOUCHER_10250,SEASHELLS,33,15
81300,SUBMISSION,,VOLCANIC_ROCK_VOUCHER_9500,SEASHELLS,658,15
81400,,SUBMISSION,VOLCANIC_ROCK_VOUCHER_10000,SEASHELLS,180,11
81400,,SUBMISSION,VOLCANIC_ROCK_VOUCHER_10000,SEASHELLS,180,2
81400,SUBMISSION,,VOLCANIC_ROCK_VOUCHER_9500,SEASHELLS,662,3
81500,SUBMISSION,,VOLCANIC_ROCK_VOUCHER_10250,SEASHELLS,34,14
81500,SUBMISSION,,VOLCANIC_ROCK_VOUCHER_10250,SEASHELLS,34,1
81600,,SUBMISSION,VOLCANIC_ROCK_VOUCHER_9750,SEASHELLS,412,11
81600,,SUBMISSION,VOLCANIC_ROCK_VOUCHER_9750,SEASHELLS,412,1
81800,,SUBMISSION,RAINFOREST_RESIN,SEASHELLS,10003,8
81800,SUBMISSION,,VOLCANIC_ROCK_VOUCHER_10000,SEASHELLS,177,11
81800,,SUBMISSION,VOLCANIC_ROCK_VOUCHER_9750,SEASHELLS,414,11
81900,SUBMISSION,,KELP,SEASHELLS,2042,7
82000,SUBMISSION,,RAINFOREST_RESIN,SEASHELLS,9998,5
82000,SUBMISSION,,VOLCANIC_ROCK_VOUCHER_9750,SEASHELLS,411,5
82100,SUBMISSION,,RAINFOREST_RESIN,SEASHELLS,9998,3
82100,SUBMISSION,,VOLCANIC_ROCK_VOUCHER_10250,SEASHELLS,33,16
82100,SUBMISSION,,VOLCANIC_ROCK_VOUCHER_10250,SEASHELLS,33,1
82100,SUBMISSION,,VOLCANIC_ROCK_VOUCHER_9500,SEASHELLS,658,16
82100,SUBMISSION,,VOLCANIC_ROCK_VOUCHER_9500,SEASHELLS,658,1
82200,SUBMISSION,,VOLCANIC_ROCK_VOUCHER_9500,SEASHELLS,657,19
82200,SUBMISSION,,VOLCANIC_ROCK_VOUCHER_9500,SEASHELLS,657,2
82200,,SUBMISSION,VOLCANIC_ROCK_VOUCHER_9750,SEASHELLS,408,19
82200,,SUBMISSION,VOLCANIC_ROCK_VOUCHER_9750,SEASHELLS,408,2
82300,SUBMISSION,,KELP,SEASHELLS,2042,2
82400,SUBMISSION,,RAINFOREST_RESIN,SEASHELLS,9999,1
82400,SUBMISSION,,VOLCANIC_ROCK_VOUCHER_10000,SEASHELLS,176,2
82400,,SUBMISSION,VOLCANIC_ROCK_VOUCHER_9500,SEASHELLS,659,13
82400,,SUBMISSION,VOLCANIC_ROCK_VOUCHER_9500,SEASHELLS,659,2
82400,SUBMISSION,,VOLCANIC_ROCK_VOUCHER_9750,SEASHELLS,411,13
82400,SUBMISSION,,VOLCANIC_ROCK_VOUCHER_9750,SEASHELLS,411,2
82500,,SUBMISSION,VOLCANIC_ROCK_VOUCHER_10250,SEASHELLS,32,10
82500,,SUBMISSION,VOLCANIC_ROCK_VOUCHER_10250,SEASHELLS,32,2
82500,,SUBMISSION,VOLCANIC_ROCK_VOUCHER_9500,SEASHELLS,658,10
82500,,SUBMISSION,VOLCANIC_ROCK_VOUCHER_9500,SEASHELLS,658,2
82600,,SUBMISSION,KELP,SEASHELLS,2042,12
82600,,SUBMISSION,VOLCANIC_ROCK_VOUCHER_10250,SEASHELLS,33,4
82600,,SUBMISSION,VOLCANIC_ROCK_VOUCHER_9500,SEASHELLS,659,11
82800,,SUBMISSION,RAINFOREST_RESIN,SEASHELLS,10007,1
82900,SUBMISSION,,VOLCANIC_ROCK_VOUCHER_9750,SEASHELLS,411,6
83100,,SUBMISSION,KELP,SEASHELLS,2042,1
83100,SUBMISSION,,VOLCANIC_ROCK_VOUCHER_10250,SEASHELLS,33,13
83100,SUBMISSION,,VOLCANIC_ROCK_VOUCHER_10250,SEASHELLS,33,2
83300,,SUBMISSION,RAINFOREST_RESIN,SEASHELLS,10003,10
83300,,SUBMISSION,RAINFOREST_RESIN,SEASHELLS,10007,7
83300,,SUBMISSION,VOLCANIC_ROCK_VOUCHER_10250,SEASHELLS,33,12
83300,,SUBMISSION,VOLCANIC_ROCK_VOUCHER_10250,SEASHELLS,33,1
83400,SUBMISSION,,RAINFOREST_RESIN,SEASHELLS,9999,1
83500,SUBMISSION,,KELP,SEASHELLS,2042,2
83500,SUBMISSION,,RAINFOREST_RESIN,SEASHELLS,9998,5
83600,SUBMISSION,,RAINFOREST_RESIN,SEASHELLS,9999,1
83600,,SUBMISSION,VOLCANIC_ROCK_VOUCHER_10250,SEASHELLS,34,2
83700,SUBMISSION,,VOLCANIC_ROCK_VOUCHER_10000,SEASHELLS,178,12
83700,SUBMISSION,,VOLCANIC_ROCK_VOUCHER_10000,SEASHELLS,178,2
83700,SUBMISSION,,VOLCANIC_ROCK_VOUCHER_9500,SEASHELLS,663,12
83700,SUBMISSION,,VOLCANIC_ROCK_VOUCHER_9500,SEASHELLS,663,2
83700,,SUBMISSION,VOLCANIC_ROCK_VOUCHER_9750,SEASHELLS,414,12
83700,,SUBMISSION,VOLCANIC_ROCK_VOUCHER_9750,SEASHELLS,414,2
83800,SUBMISSION,,RAINFOREST_RESIN,SEASHELLS,9999,1
83800,,SUBMISSION,VOLCANIC_ROCK_VOUCHER_10000,SEASHELLS,178,12
83800,,SUBMISSION,VOLCANIC_ROCK_VOUCHER_10000,SEASHELLS,178,1
83800,,SUBMISSION,VOLCANIC_ROCK_VOUCHER_9500,SEASHELLS,663,12
83800,,SUBMISSION,VOLCANIC_ROCK_VOUCHER_9500,SEASHELLS,663,1
83800,SUBMISSION,,VOLCANIC_ROCK_VOUCHER_9750,SEASHELLS,415,12
83800,SUBMISSION,,VOLCANIC_ROCK_VOUCHER_9750,SEASHELLS,415,1
83900,SUBMISSION,,RAINFOREST_RESIN,SEASHELLS,9998,7
83900,,SUBMISSION,VOLCANIC_ROCK_VOUCHER_10000,SEASHELLS,182,11
83900,,SUBMISSION,VOLCANIC_ROCK_VOUCHER_10000,SEASHELLS,182,2
83900,,SUBMISSION,VOLCANIC_ROCK_VOUCHER_9500,SEASHELLS,663,1
84000,,SUBMISSION,KELP,SEASHELLS,2043,6
84100,,SUBMISSION,RAINFOREST_RESIN,SEASHELLS,10002,3
84100,,SUBMISSION,VOLCANIC_ROCK_VOUCHER_10000,SEASHELLS,179,15
84100,,SUBMISSION,VOLCANIC_ROCK_VOUCHER_10250,SEASHELLS,34,15
84100,,SUBMISSION,VOLCANIC_ROCK_VOUCHER_9500,SEASHELLS,663,15
84100,SUBMISSION,,VOLCANIC_ROCK_VOUCHER_9750,SEASHELLS,414,15
84200,,SUBMISSION,RAINFOREST_RESIN,SEASHELLS,10007,1
84400,SUBMISSION,,VOLCANIC_ROCK_VOUCHER_10250,SEASHELLS,35,16
84400,SUBMISSION,,VOLCANIC_ROCK_VOUCHER_10250,SEASHELLS,35,2
84400,SUBMISSION,,VOLCANIC_ROCK_VOUCHER_9500,SEASHELLS,664,16
84400,SUBMISSION,,VOLCANIC_ROCK_VOUCHER_9500,SEASHELLS,664,2
84400,,SUBMISSION,VOLCANIC_ROCK_VOUCHER_9750,SEASHELLS,415,16
84400,,SUBMISSION,VOLCANIC_ROCK_VOUCHER_9750,SEASHELLS,415,2
84500,SUBMISSION,,RAINFOREST_RESIN,SEASHELLS,9999,1
84600,,SUBMISSION,KELP,SEASHELLS,2042,2
84600,SUBMISSION,,VOLCANIC_ROCK_VOUCHER_10000,SEASHELLS,179,16
84600,SUBMISSION,,VOLCANIC_ROCK_VOUCHER_9500,SEASHELLS,664,16
84600,,SUBMISSION,VOLCANIC_ROCK_VOUCHER_9750,SEASHELLS,415,16
84700,SUBMISSION,,KELP,SEASHELLS,2042,1
84700,SUBMISSION,,VOLCANIC_ROCK_VOUCHER_10000,SEASHELLS,181,15
84700,SUBMISSION,,VOLCANIC_ROCK_VOUCHER_10000,SEASHELLS,181,1
84700,SUBMISSION,,VOLCANIC_ROCK_VOUCHER_9500,SEASHELLS,665,15
84700,SUBMISSION,,VOLCANIC_ROCK_VOUCHER_9500,SEASHELLS,665,1
84700,,SUBMISSION,VOLCANIC_ROCK_VOUCHER_9750,SEASHELLS,416,15
84700,,SUBMISSION,VOLCANIC_ROCK_VOUCHER_9750,SEASHELLS,416,1
84800,SUBMISSION,,RAINFOREST_RESIN,SEASHELLS,9993,6
84900,,SUBMISSION,KELP,SEASHELLS,2042,1
84900,,SUBMISSION,VOLCANIC_ROCK_VOUCHER_10000,SEASHELLS,181,5
84900,,SUBMISSION,VOLCANIC_ROCK_VOUCHER_10250,SEASHELLS,35,3
84900,,SUBMISSION,VOLCANIC_ROCK_VOUCHER_9500,SEASHELLS,665,18
85000,,SUBMISSION,VOLCANIC_ROCK_VOUCHER_9500,SEASHELLS,664,13
85000,,SUBMISSION,VOLCANIC_ROCK_VOUCHER_9500,SEASHELLS,664,2
85200,,SUBMISSION,VOLCANIC_ROCK_VOUCHER_9500,SEASHELLS,663,2
