timestamp,buyer,seller,symbol,currency,price,quantity
0,SUBMISSION,,VOLCANIC_ROCK,SEASHELLS,10167,2
0,,SUBMISSION,VOLCANIC_ROCK_VOUCHER_10250,SEASHELLS,36,5
0,SUBMISSION,,VOLCANIC_ROCK_VOUCHER_10500,SEASHELLS,4,5
100,,SUBMISSION,VOLCANIC_ROCK,SEASHELLS,10164,5
100,SUBMISSION,,VOLCANIC_ROCK,SEASHELLS,10165,5
100,,SUBMISSION,VOLCANIC_ROCK,SEASHELLS,10164,4
100,,SUBMISSION,VOLCANIC_ROCK,SEASHELLS,10164,2
100,SUBMISSION,,VOLCANIC_ROCK_VOUCHER_10000,SEASHELLS,181,5
100,SUBMISSION,,VOLCANIC_ROCK_VOUCHER_10250,SEASHELLS,36,5
100,,SUBMISSION,VOLCANIC_ROCK_VOUCHER_10500,SEASHELLS,3,5
100,SUBMISSION,,VOLCANIC_ROCK_VOUCHER_9500,SEASHELLS,665,5
100,,SUBMISSION,VOLCANIC_ROCK_VOUCHER_9750,SEASHELLS,416,5
200,SUBMISSION,,VOLCANIC_ROCK,SEASHELLS,10170,2
200,,SUBMISSION,VOLCANIC_ROCK_VOUCHER_10250,SEASHELLS,37,5
200,SUBMISSION,,VOLCANIC_ROCK_VOUCHER_10500,SEASHELLS,4,5
300,,SUBMISSION,VOLCANIC_ROCK,SEASHELLS,10169,4
300,SUBMISSION,,VOLCANIC_ROCK_VOUCHER_10000,SEASHELLS,185,5
400,SUBMISSION,,VOLCANIC_ROCK,SEASHELLS,10173,5
400,,SUBMISSION,VOLCANIC_ROCK,SEASHELLS,10171,4
400,,SUBMISSION,VOLCANIC_ROCK,SEASHELLS,10171,2
400,SUBMISSION,,VOLCANIC_ROCK_VOUCHER_10000,SEASHELLS,189,5
400,SUBMISSION,,VOLCANIC_ROCK_VOUCHER_10250,SEASHELLS,39,5
400,,SUBMISSION,VOLCANIC_ROCK_VOUCHER_10500,SEASHELLS,3,5
400,,SUBMISSION,VOLCANIC_ROCK_VOUCHER_9750,SEASHELLS,423,5
500,SUBMISSION,,VOLCANIC_ROCK_VOUCHER_10500,SEASHELLS,4,5
600,,SUBMISSION,VOLCANIC_ROCK,SEASHELLS,10170,2
600,SUBMISSION,,VOLCANIC_ROCK_VOUCHER_10250,SEASHELLS,38,5
600,,SUBMISSION,VOLCANIC_ROCK_VOUCHER_10500,SEASHELLS,3,5
700,,SUBMISSION,VOLCANIC_ROCK,SEASHELLS,10170,4
700,,SUBMISSION,VOLCANIC_ROCK,SEASHELLS,10170,2
700,SUBMISSION,,VOLCANIC_ROCK_VOUCHER_10000,SEASHELLS,186,5
700,SUBMISSION,,VOLCANIC_ROCK_VOUCHER_10250,SEASHELLS,38,5
800,,SUBMISSION,VOLCANIC_ROCK,SEASHELLS,10170,5
800,SUBMISSION,,VOLCANIC_ROCK,SEASHELLS,10171,5
800,,SUBMISSION,VOLCANIC_ROCK,SEASHELLS,10170,4
800,,SUBMISSION,VOLCANIC_ROCK,SEASHELLS,10170,2
800,SUBMISSION,,VOLCANIC_ROCK_VOUCHER_10000,SEASHELLS,189,5
800,SUBMISSION,,VOLCANIC_ROCK_VOUCHER_10250,SEASHELLS,38,5
800,,SUBMISSION,VOLCANIC_ROCK_VOUCHER_10500,SEASHELLS,3,5
800,SUBMISSION,,VOLCANIC_ROCK_VOUCHER_9500,SEASHELLS,671,5
800,,SUBMISSION,VOLCANIC_ROCK_VOUCHER_9750,SEASHELLS,422,5
900,SUBMISSION,,VOLCANIC_ROCK,SEASHELLS,10176,2
900,,SUBMISSION,VOLCANIC_ROCK_VOUCHER_10250,SEASHELLS,39,5
900,SUBMISSION,,VOLCANIC_ROCK_VOUCHER_10500,SEASHELLS,4,5
1000,SUBMISSION,,VOLCANIC_ROCK,SEASHELLS,10176,2
1000,,SUBMISSION,VOLCANIC_ROCK_VOUCHER_10250,SEASHELLS,39,5
1000,SUBMISSION,,VOLCANIC_ROCK_VOUCHER_10500,SEASHELLS,4,5
1100,,SUBMISSION,VOLCANIC_ROCK,SEASHELLS,10172,2
1100,SUBMISSION,,VOLCANIC_ROCK_VOUCHER_10250,SEASHELLS,39,5
1100,,SUBMISSION,VOLCANIC_ROCK_VOUCHER_10500,SEASHELLS,3,5
1200,SUBMISSION,,VOLCANIC_ROCK,SEASHELLS,10170,2
1200,,SUBMISSION,VOLCANIC_ROCK_VOUCHER_10250,SEASHELLS,37,5
1200,SUBMISSION,,VOLCANIC_ROCK_VOUCHER_10500,SEASHELLS,4,5
1300,,SUBMISSION,VOLCANIC_ROCK,SEASHELLS,10170,5
1300,,SUBMISSION,VOLCANIC_ROCK,SEASHELLS,10170,1
1300,,SUBMISSION,VOLCANIC_ROCK,SEASHELLS,10170,3
1300,,SUBMISSION,VOLCANIC_ROCK,SEASHELLS,10170,0
1300,,SUBMISSION,VOLCANIC_ROCK,SEASHELLS,10170,2
1300,SUBMISSION,,VOLCANIC_ROCK_VOUCHER_10000,SEASHELLS,187,4
1300,SUBMISSION,,VOLCANIC_ROCK_VOUCHER_10000,SEASHELLS,187,1
1300,SUBMISSION,,VOLCANIC_ROCK_VOUCHER_10250,SEASHELLS,37,4
1300,SUBMISSION,,VOLCANIC_ROCK_VOUCHER_10250,SEASHELLS,37,1
1300,SUBMISSION,,VOLCANIC_ROCK_VOUCHER_9500,SEASHELLS,670,4
1300,SUBMISSION,,VOLCANIC_ROCK_VOUCHER_9500,SEASHELLS,670,1
1400,,SUBMISSION,VOLCANIC_ROCK,SEASHELLS,10170,2
1400,SUBMISSION,,VOLCANIC_ROCK_VOUCHER_10250,SEASHELLS,38,5
1400,,SUBMISSION,VOLCANIC_ROCK_VOUCHER_10500,SEASHELLS,3,5
1500,SUBMISSION,,VOLCANIC_ROCK,SEASHELLS,10175,5
1500,,SUBMISSION,VOLCANIC_ROCK,SEASHELLS,10173,4
1500,,SUBMISSION,VOLCANIC_ROCK,SEASHELLS,10173,2
1500,SUBMISSION,,VOLCANIC_ROCK_VOUCHER_10000,SEASHELLS,190,5
1500,SUBMISSION,,VOLCANIC_ROCK_VOUCHER_10250,SEASHELLS,39,5
1500,,SUBMISSION,VOLCANIC_ROCK_VOUCHER_10500,SEASHELLS,3,5
1500,,SUBMISSION,VOLCANIC_ROCK_VOUCHER_9750,SEASHELLS,425,5
1700,,SUBMISSION,VOLCANIC_ROCK,SEASHELLS,10172,5
1700,SUBMISSION,,VOLCANIC_ROCK,SEASHELLS,10173,5
1700,,SUBMISSION,VOLCANIC_ROCK,SEASHELLS,10172,4
1700,,SUBMISSION,VOLCANIC_ROCK,SEASHELLS,10172,2
1700,SUBMISSION,,VOLCANIC_ROCK_VOUCHER_10000,SEASHELLS,189,5
1700,SUBMISSION,,VOLCANIC_ROCK_VOUCHER_10250,SEASHELLS,39,5
1700,,SUBMISSION,VOLCANIC_ROCK_VOUCHER_10500,SEASHELLS,3,5
1700,SUBMISSION,,VOLCANIC_ROCK_VOUCHER_9500,SEASHELLS,673,5
1700,,SUBMISSION,VOLCANIC_ROCK_VOUCHER_9750,SEASHELLS,424,5
2000,,SUBMISSION,VOLCANIC_ROCK,SEASHELLS,10174,2
2000,SUBMISSION,,VOLCANIC_ROCK_VOUCHER_10250,SEASHELLS,40,5
2000,,SUBMISSION,VOLCANIC_ROCK_VOUCHER_10500,SEASHELLS,3,5
2100,,SUBMISSION,VOLCANIC_ROCK,SEASHELLS,10175,4
2100,SUBMISSION,,VOLCANIC_ROCK_VOUCHER_10000,SEASHELLS,190,5
2200,SUBMISSION,,VOLCANIC_ROCK,SEASHELLS,10173,5
2200,,SUBMISSION,VOLCANIC_ROCK,SEASHELLS,10172,4
2200,SUBMISSION,,VOLCANIC_ROCK_VOUCHER_10000,SEASHELLS,187,5
2200,,SUBMISSION,VOLCANIC_ROCK_VOUCHER_9750,SEASHELLS,423,5
2300,SUBMISSION,,VOLCANIC_ROCK,SEASHELLS,10174,2
2300,,SUBMISSION,VOLCANIC_ROCK_VOUCHER_10250,SEASHELLS,38,5
2300,SUBMISSION,,VOLCANIC_ROCK_VOUCHER_10500,SEASHELLS,4,5
2400,SUBMISSION,,VOLCANIC_ROCK,SEASHELLS,10173,5
2400,,SUBMISSION,VOLCANIC_ROCK,SEASHELLS,10171,5
2400,SUBMISSION,,VOLCANIC_ROCK,SEASHELLS,10173,4
2400,SUBMISSION,,VOLCANIC_ROCK,SEASHELLS,10173,2
2400,,SUBMISSION,VOLCANIC_ROCK_VOUCHER_10000,SEASHELLS,189,5
2400,,SUBMISSION,VOLCANIC_ROCK_VOUCHER_10250,SEASHELLS,38,5
2400,SUBMISSION,,VOLCANIC_ROCK_VOUCHER_10500,SEASHELLS,4,5
2400,,SUBMISSION,VOLCANIC_ROCK_VOUCHER_9500,SEASHELLS,672,5
2400,SUBMISSION,,VOLCANIC_ROCK_VOUCHER_9750,SEASHELLS,423,5
2500,,SUBMISSION,VOLCANIC_ROCK,SEASHELLS,10172,5
2500,SUBMISSION,,VOLCANIC_ROCK,SEASHELLS,10173,5
2500,,SUBMISSION,VOLCANIC_ROCK,SEASHELLS,10172,4
2500,,SUBMISSION,VOLCANIC_ROCK,SEASHELLS,10172,2
2500,SUBMISSION,,VOLCANIC_ROCK_VOUCHER_10000,SEASHELLS,189,5
2500,SUBMISSION,,VOLCANIC_ROCK_VOUCHER_10250,SEASHELLS,39,5
2500,,SUBMISSION,VOLCANIC_ROCK_VOUCHER_10500,SEASHELLS,3,5
2500,SUBMISSION,,VOLCANIC_ROCK_VOUCHER_9500,SEASHELLS,673,5
2500,,SUBMISSION,VOLCANIC_ROCK_VOUCHER_9750,SEASHELLS,424,5
2600,SUBMISSION,,VOLCANIC_ROCK,SEASHELLS,10169,5
2600,,SUBMISSION,VOLCANIC_ROCK,SEASHELLS,10167,5
2600,SUBMISSION,,VOLCANIC_ROCK,SEASHELLS,10169,4
2600,,SUBMISSION,VOLCANIC_ROCK_VOUCHER_10000,SEASHELLS,187,5
2600,SUBMISSION,,VOLCANIC_ROCK_VOUCHER_10500,SEASHELLS,4,5
2600,,SUBMISSION,VOLCANIC_ROCK_VOUCHER_9500,SEASHELLS,668,5
2600,SUBMISSION,,VOLCANIC_ROCK_VOUCHER_9750,SEASHELLS,420,5
2700,,SUBMISSION,VOLCANIC_ROCK,SEASHELLS,10164,5
2700,SUBMISSION,,VOLCANIC_ROCK,SEASHELLS,10165,5
2700,,SUBMISSION,VOLCANIC_ROCK,SEASHELLS,10164,2
2700,SUBMISSION,,VOLCANIC_ROCK_VOUCHER_10000,SEASHELLS,180,5
2700,SUBMISSION,,VOLCANIC_ROCK_VOUCHER_10250,SEASHELLS,36,5
2700,,SUBMISSION,VOLCANIC_ROCK_VOUCHER_10500,SEASHELLS,3,5
2700,SUBMISSION,,VOLCANIC_ROCK_VOUCHER_9500,SEASHELLS,665,5
2700,,SUBMISSION,VOLCANIC_ROCK_VOUCHER_9750,SEASHELLS,416,5
2800,SUBMISSION,,VOLCANIC_ROCK_VOUCHER_10500,SEASHELLS,4,5
2900,,SUBMISSION,VOLCANIC_ROCK,SEASHELLS,10163,2
2900,SUBMISSION,,VOLCANIC_ROCK_VOUCHER_10250,SEASHELLS,36,5
2900,,SUBMISSION,VOLCANIC_ROCK_VOUCHER_10500,SEASHELLS,3,5
3000,,SUBMISSION,VOLCANIC_ROCK,SEASHELLS,10165,2
3000,SUBMISSION,,VOLCANIC_ROCK_VOUCHER_10250,SEASHELLS,37,5
3000,,SUBMISSION,VOLCANIC_ROCK_VOUCHER_10500,SEASHELLS,3,5
3100,,SUBMISSION,VOLCANIC_ROCK,SEASHELLS,10168,5
3100,SUBMISSION,,VOLCANIC_ROCK,SEASHELLS,10170,5
3100,,SUBMISSION,VOLCANIC_ROCK,SEASHELLS,10168,4
3100,,SUBMISSION,VOLCANIC_ROCK,SEASHELLS,10168,2
3100,SUBMISSION,,VOLCANIC_ROCK_VOUCHER_10000,SEASHELLS,185,5
3100,SUBMISSION,,VOLCANIC_ROCK_VOUCHER_10250,SEASHELLS,38,5
3100,,SUBMISSION,VOLCANIC_ROCK_VOUCHER_10500,SEASHELLS,3,5
3100,SUBMISSION,,VOLCANIC_ROCK_VOUCHER_9500,SEASHELLS,670,5
3100,,SUBMISSION,VOLCANIC_ROCK_VOUCHER_9750,SEASHELLS,420,5
3200,,SUBMISSION,VOLCANIC_ROCK,SEASHELLS,10166,2
3200,SUBMISSION,,VOLCANIC_ROCK_VOUCHER_10250,SEASHELLS,37,5
3200,,SUBMISSION,VOLCANIC_ROCK_VOUCHER_10500,SEASHELLS,3,5
3300,SUBMISSION,,VOLCANIC_ROCK,SEASHELLS,10167,2
3300,,SUBMISSION,VOLCANIC_ROCK_VOUCHER_10250,SEASHELLS,36,5
3300,SUBMISSION,,VOLCANIC_ROCK_VOUCHER_10500,SEASHELLS,4,5
3400,SUBMISSION,,VOLCANIC_ROCK,SEASHELLS,10166,5
3400,SUBMISSION,,VOLCANIC_ROCK,SEASHELLS,10166,2
3400,,SUBMISSION,VOLCANIC_ROCK_VOUCHER_10250,SEASHELLS,36,5
3400,SUBMISSION,,VOLCANIC_ROCK_VOUCHER_10500,SEASHELLS,4,5
3400,,SUBMISSION,VOLCANIC_ROCK_VOUCHER_9500,SEASHELLS,665,5
3500,,SUBMISSION,VOLCANIC_ROCK,SEASHELLS,10163,4
3500,,SUBMISSION,VOLCANIC_ROCK,SEASHELLS,10163,2
3500,SUBMISSION,,VOLCANIC_ROCK_VOUCHER_10000,SEASHELLS,180,5
3500,SUBMISSION,,VOLCANIC_ROCK_VOUCHER_10250,SEASHELLS,36,5
3600,,SUBMISSION,VOLCANIC_ROCK,SEASHELLS,10161,5
3600,SUBMISSION,,VOLCANIC_ROCK,SEASHELLS,10163,5
3600,,SUBMISSION,VOLCANIC_ROCK,SEASHELLS,10161,4
3600,SUBMISSION,,VOLCANIC_ROCK_VOUCHER_10000,SEASHELLS,177,5
3600,,SUBMISSION,VOLCANIC_ROCK_VOUCHER_10500,SEASHELLS,3,5
3600,SUBMISSION,,VOLCANIC_ROCK_VOUCHER_9500,SEASHELLS,663,5
3600,,SUBMISSION,VOLCANIC_ROCK_VOUCHER_9750,SEASHELLS,413,5
3700,,SUBMISSION,VOLCANIC_ROCK,SEASHELLS,10158,5
3700,SUBMISSION,,VOLCANIC_ROCK,SEASHELLS,10159,5
3700,,SUBMISSION,VOLCANIC_ROCK,SEASHELLS,10158,4
3700,,SUBMISSION,VOLCANIC_ROCK,SEASHELLS,10158,2
3700,SUBMISSION,,VOLCANIC_ROCK_VOUCHER_10000,SEASHELLS,179,5
3700,SUBMISSION,,VOLCANIC_ROCK_VOUCHER_10250,SEASHELLS,35,5
3700,,SUBMISSION,VOLCANIC_ROCK_VOUCHER_10500,SEASHELLS,3,5
3700,SUBMISSION,,VOLCANIC_ROCK_VOUCHER_9500,SEASHELLS,659,5
3700,,SUBMISSION,VOLCANIC_ROCK_VOUCHER_9750,SEASHELLS,410,5
3800,SUBMISSION,,VOLCANIC_ROCK,SEASHELLS,10167,5
3800,,SUBMISSION,VOLCANIC_ROCK,SEASHELLS,10166,4
3800,SUBMISSION,,VOLCANIC_ROCK_VOUCHER_10000,SEASHELLS,180,5
3800,,SUBMISSION,VOLCANIC_ROCK_VOUCHER_9750,SEASHELLS,417,5
3900,SUBMISSION,,VOLCANIC_ROCK,SEASHELLS,10166,2
3900,,SUBMISSION,VOLCANIC_ROCK_VOUCHER_10250,SEASHELLS,36,5
3900,SUBMISSION,,VOLCANIC_ROCK_VOUCHER_10500,SEASHELLS,4,5
4000,SUBMISSION,,VOLCANIC_ROCK,SEASHELLS,10164,4
4000,,SUBMISSION,VOLCANIC_ROCK_VOUCHER_10000,SEASHELLS,181,5
4000,SUBMISSION,,VOLCANIC_ROCK_VOUCHER_10500,SEASHELLS,4,5
4200,,SUBMISSION,VOLCANIC_ROCK,SEASHELLS,10161,2
4200,SUBMISSION,,VOLCANIC_ROCK_VOUCHER_10250,SEASHELLS,35,5
4200,,SUBMISSION,VOLCANIC_ROCK_VOUCHER_10500,SEASHELLS,3,5
4300,,SUBMISSION,VOLCANIC_ROCK,SEASHELLS,10157,5
4300,SUBMISSION,,VOLCANIC_ROCK,SEASHELLS,10158,5
4300,,SUBMISSION,VOLCANIC_ROCK,SEASHELLS,10157,4
4300,,SUBMISSION,VOLCANIC_ROCK,SEASHELLS,10157,2
4300,SUBMISSION,,VOLCANIC_ROCK_VOUCHER_10000,SEASHELLS,177,5
4300,SUBMISSION,,VOLCANIC_ROCK_VOUCHER_10250,SEASHELLS,34,5
4300,,SUBMISSION,VOLCANIC_ROCK_VOUCHER_10500,SEASHELLS,3,5
4300,SUBMISSION,,VOLCANIC_ROCK_VOUCHER_9500,SEASHELLS,658,5
4300,,SUBMISSION,VOLCANIC_ROCK_VOUCHER_9750,SEASHELLS,409,5
4400,SUBMISSION,,VOLCANIC_ROCK,SEASHELLS,10158,2
4400,,SUBMISSION,VOLCANIC_ROCK_VOUCHER_10250,SEASHELLS,33,5
4400,SUBMISSION,,VOLCANIC_ROCK_VOUCHER_10500,SEASHELLS,4,5
4500,SUBMISSION,,VOLCANIC_ROCK,SEASHELLS,10158,4
4500,,SUBMISSION,VOLCANIC_ROCK_VOUCHER_10000,SEASHELLS,177,5
4500,SUBMISSION,,VOLCANIC_ROCK_VOUCHER_10500,SEASHELLS,4,5
4600,SUBMISSION,,VOLCANIC_ROCK_VOUCHER_10500,SEASHELLS,4,5
4700,SUBMISSION,,VOLCANIC_ROCK,SEASHELLS,10163,5
4700,,SUBMISSION,VOLCANIC_ROCK,SEASHELLS,10162,4
4700,SUBMISSION,,VOLCANIC_ROCK_VOUCHER_10000,SEASHELLS,178,5
4700,,SUBMISSION,VOLCANIC_ROCK_VOUCHER_9750,SEASHELLS,413,5
4800,,SUBMISSION,VOLCANIC_ROCK,SEASHELLS,10160,5
4800,SUBMISSION,,VOLCANIC_ROCK,SEASHELLS,10161,5
4800,,SUBMISSION,VOLCANIC_ROCK,SEASHELLS,10160,4
4800,,SUBMISSION,VOLCANIC_ROCK,SEASHELLS,10160,2
4800,SUBMISSION,,VOLCANIC_ROCK_VOUCHER_10000,SEASHELLS,180,5
4800,SUBMISSION,,VOLCANIC_ROCK_VOUCHER_10250,SEASHELLS,35,5
4800,,SUBMISSION,VOLCANIC_ROCK_VOUCHER_10500,SEASHELLS,3,5
4800,SUBMISSION,,VOLCANIC_ROCK_VOUCHER_9500,SEASHELLS,661,5
4800,,SUBMISSION,VOLCANIC_ROCK_VOUCHER_9750,SEASHELLS,412,5
4900,SUBMISSION,,VOLCANIC_ROCK,SEASHELLS,10160,2
4900,,SUBMISSION,VOLCANIC_ROCK_VOUCHER_10250,SEASHELLS,34,5
4900,SUBMISSION,,VOLCANIC_ROCK_VOUCHER_10500,SEASHELLS,4,5
5000,,SUBMISSION,VOLCANIC_ROCK,SEASHELLS,10157,2
5000,SUBMISSION,,VOLCANIC_ROCK_VOUCHER_10250,SEASHELLS,34,5
5000,,SUBMISSION,VOLCANIC_ROCK_VOUCHER_10500,SEASHELLS,3,5
5100,SUBMISSION,,VOLCANIC_ROCK,SEASHELLS,10160,4
5100,,SUBMISSION,VOLCANIC_ROCK_VOUCHER_10000,SEASHELLS,179,5
5100,SUBMISSION,,VOLCANIC_ROCK_VOUCHER_10500,SEASHELLS,4,5
5200,,SUBMISSION,VOLCANIC_ROCK,SEASHELLS,10153,5
5200,SUBMISSION,,VOLCANIC_ROCK,SEASHELLS,10154,5
5200,,SUBMISSION,VOLCANIC_ROCK,SEASHELLS,10153,4
5200,,SUBMISSION,VOLCANIC_ROCK,SEASHELLS,10153,1
5200,SUBMISSION,,VOLCANIC_ROCK_VOUCHER_10000,SEASHELLS,172,5
5200,SUBMISSION,,VOLCANIC_ROCK_VOUCHER_10250,SEASHELLS,33,5
5200,,SUBMISSION,VOLCANIC_ROCK_VOUCHER_10500,SEASHELLS,3,5
5200,SUBMISSION,,VOLCANIC_ROCK_VOUCHER_9500,SEASHELLS,654,5
5200,,SUBMISSION,VOLCANIC_ROCK_VOUCHER_9750,SEASHELLS,405,5
5300,SUBMISSION,,VOLCANIC_ROCK_VOUCHER_10500,SEASHELLS,4,5
5400,SUBMISSION,,VOLCANIC_ROCK,SEASHELLS,10161,5
5400,,SUBMISSION,VOLCANIC_ROCK,SEASHELLS,10159,4
5400,,SUBMISSION,VOLCANIC_ROCK,SEASHELLS,10159,2
5400,SUBMISSION,,VOLCANIC_ROCK_VOUCHER_10000,SEASHELLS,177,5
5400,SUBMISSION,,VOLCANIC_ROCK_VOUCHER_10250,SEASHELLS,35,5
5400,,SUBMISSION,VOLCANIC_ROCK_VOUCHER_10500,SEASHELLS,3,5
5400,,SUBMISSION,VOLCANIC_ROCK_VOUCHER_9750,SEASHELLS,411,5
5500,SUBMISSION,,VOLCANIC_ROCK_VOUCHER_10500,SEASHELLS,4,5
5600,,SUBMISSION,VOLCANIC_ROCK,SEASHELLS,10159,5
5600,SUBMISSION,,VOLCANIC_ROCK,SEASHELLS,10160,5
5600,,SUBMISSION,VOLCANIC_ROCK,SEASHELLS,10159,4
5600,,SUBMISSION,VOLCANIC_ROCK,SEASHELLS,10159,2
5600,SUBMISSION,,VOLCANIC_ROCK_VOUCHER_10000,SEASHELLS,175,5
5600,SUBMISSION,,VOLCANIC_ROCK_VOUCHER_10250,SEASHELLS,35,5
5600,,SUBMISSION,VOLCANIC_ROCK_VOUCHER_10500,SEASHELLS,3,5
5600,SUBMISSION,,VOLCANIC_ROCK_VOUCHER_9500,SEASHELLS,660,5
5600,,SUBMISSION,VOLCANIC_ROCK_VOUCHER_9750,SEASHELLS,411,5
5700,SUBMISSION,,VOLCANIC_ROCK,SEASHELLS,10160,4
5700,,SUBMISSION,VOLCANIC_ROCK_VOUCHER_10000,SEASHELLS,179,5
5700,SUBMISSION,,VOLCANIC_ROCK_VOUCHER_10500,SEASHELLS,4,5
5900,,SUBMISSION,VOLCANIC_ROCK,SEASHELLS,10157,4
5900,SUBMISSION,,VOLCANIC_ROCK_VOUCHER_10000,SEASHELLS,174,5
6100,SUBMISSION,,VOLCANIC_ROCK,SEASHELLS,10161,4
6100,,SUBMISSION,VOLCANIC_ROCK_VOUCHER_10000,SEASHELLS,180,5
6100,SUBMISSION,,VOLCANIC_ROCK_VOUCHER_10500,SEASHELLS,4,5
6200,,SUBMISSION,VOLCANIC_ROCK,SEASHELLS,10157,2
6200,SUBMISSION,,VOLCANIC_ROCK_VOUCHER_10250,SEASHELLS,34,5
6200,,SUBMISSION,VOLCANIC_ROCK_VOUCHER_10500,SEASHELLS,3,5
6300,,SUBMISSION,VOLCANIC_ROCK,SEASHELLS,10157,5
6300,SUBMISSION,,VOLCANIC_ROCK,SEASHELLS,10158,5
6300,,SUBMISSION,VOLCANIC_ROCK,SEASHELLS,10157,4
6300,,SUBMISSION,VOLCANIC_ROCK,SEASHELLS,10157,2
6300,SUBMISSION,,VOLCANIC_ROCK_VOUCHER_10000,SEASHELLS,175,5
6300,SUBMISSION,,VOLCANIC_ROCK_VOUCHER_10250,SEASHELLS,34,5
6300,,SUBMISSION,VOLCANIC_ROCK_VOUCHER_10500,SEASHELLS,3,5
6300,SUBMISSION,,VOLCANIC_ROCK_VOUCHER_9500,SEASHELLS,658,5
6300,,SUBMISSION,VOLCANIC_ROCK_VOUCHER_9750,SEASHELLS,409,5
6400,,SUBMISSION,VOLCANIC_ROCK,SEASHELLS,10155,2
6400,SUBMISSION,,VOLCANIC_ROCK_VOUCHER_10250,SEASHELLS,34,5
6500,,SUBMISSION,VOLCANIC_ROCK,SEASHELLS,10156,5
6500,SUBMISSION,,VOLCANIC_ROCK,SEASHELLS,10157,5
6500,,SUBMISSION,VOLCANIC_ROCK,SEASHELLS,10156,4
6500,,SUBMISSION,VOLCANIC_ROCK,SEASHELLS,10156,2
6500,SUBMISSION,,VOLCANIC_ROCK_VOUCHER_10000,SEASHELLS,175,5
6500,SUBMISSION,,VOLCANIC_ROCK_VOUCHER_10250,SEASHELLS,34,5
6500,,SUBMISSION,VOLCANIC_ROCK_VOUCHER_10500,SEASHELLS,3,5
6500,SUBMISSION,,VOLCANIC_ROCK_VOUCHER_9500,SEASHELLS,657,5
6500,,SUBMISSION,VOLCANIC_ROCK_VOUCHER_9750,SEASHELLS,408,5
6600,SUBMISSION,,VOLCANIC_ROCK_VOUCHER_10500,SEASHELLS,4,5
6700,SUBMISSION,,VOLCANIC_ROCK,SEASHELLS,10159,5
6700,,SUBMISSION,VOLCANIC_ROCK,SEASHELLS,10158,5
6700,SUBMISSION,,VOLCANIC_ROCK,SEASHELLS,10159,4
6700,SUBMISSION,,VOLCANIC_ROCK,SEASHELLS,10159,2
6700,,SUBMISSION,VOLCANIC_ROCK_VOUCHER_10000,SEASHELLS,177,5
6700,,SUBMISSION,VOLCANIC_ROCK_VOUCHER_10250,SEASHELLS,34,5
6700,SUBMISSION,,VOLCANIC_ROCK_VOUCHER_10500,SEASHELLS,4,5
6700,,SUBMISSION,VOLCANIC_ROCK_VOUCHER_9500,SEASHELLS,659,5
6700,SUBMISSION,,VOLCANIC_ROCK_VOUCHER_9750,SEASHELLS,411,5
6800,SUBMISSION,,VOLCANIC_ROCK_VOUCHER_10500,SEASHELLS,4,5
6900,,SUBMISSION,VOLCANIC_ROCK,SEASHELLS,10161,2
6900,SUBMISSION,,VOLCANIC_ROCK,SEASHELLS,10162,5
6900,,SUBMISSION,VOLCANIC_ROCK,SEASHELLS,10161,4
6900,,SUBMISSION,VOLCANIC_ROCK,SEASHELLS,10161,2
6900,SUBMISSION,,VOLCANIC_ROCK_VOUCHER_10000,SEASHELLS,180,5
6900,SUBMISSION,,VOLCANIC_ROCK_VOUCHER_10250,SEASHELLS,35,5
6900,,SUBMISSION,VOLCANIC_ROCK_VOUCHER_10500,SEASHELLS,3,5
6900,SUBMISSION,,VOLCANIC_ROCK_VOUCHER_9500,SEASHELLS,662,2
6900,,SUBMISSION,VOLCANIC_ROCK_VOUCHER_9750,SEASHELLS,413,5
7000,,SUBMISSION,VOLCANIC_ROCK,SEASHELLS,10159,2
7000,SUBMISSION,,VOLCANIC_ROCK_VOUCHER_10250,SEASHELLS,35,5
7000,,SUBMISSION,VOLCANIC_ROCK_VOUCHER_10500,SEASHELLS,3,5
7100,SUBMISSION,,VOLCANIC_ROCK,SEASHELLS,10161,4
7100,,SUBMISSION,VOLCANIC_ROCK_VOUCHER_10000,SEASHELLS,179,5
7100,SUBMISSION,,VOLCANIC_ROCK_VOUCHER_10500,SEASHELLS,4,5
7200,,SUBMISSION,VOLCANIC_ROCK,SEASHELLS,10157,5
7200,SUBMISSION,,VOLCANIC_ROCK,SEASHELLS,10158,5
7200,,SUBMISSION,VOLCANIC_ROCK,SEASHELLS,10157,4
7200,,SUBMISSION,VOLCANIC_ROCK,SEASHELLS,10157,2
7200,SUBMISSION,,VOLCANIC_ROCK_VOUCHER_10000,SEASHELLS,177,5
7200,SUBMISSION,,VOLCANIC_ROCK_VOUCHER_10250,SEASHELLS,34,5
7200,,SUBMISSION,VOLCANIC_ROCK_VOUCHER_10500,SEASHELLS,3,5
7200,SUBMISSION,,VOLCANIC_ROCK_VOUCHER_9500,SEASHELLS,658,5
7200,,SUBMISSION,VOLCANIC_ROCK_VOUCHER_9750,SEASHELLS,409,5
7400,SUBMISSION,,VOLCANIC_ROCK,SEASHELLS,10162,4
7400,,SUBMISSION,VOLCANIC_ROCK_VOUCHER_10000,SEASHELLS,181,5
7400,SUBMISSION,,VOLCANIC_ROCK_VOUCHER_10500,SEASHELLS,4,5
7500,,SUBMISSION,VOLCANIC_ROCK,SEASHELLS,10163,2
7500,SUBMISSION,,VOLCANIC_ROCK_VOUCHER_10250,SEASHELLS,36,5
7500,,SUBMISSION,VOLCANIC_ROCK_VOUCHER_10500,SEASHELLS,3,5
7600,SUBMISSION,,VOLCANIC_ROCK_VOUCHER_10500,SEASHELLS,4,5
7700,,SUBMISSION,VOLCANIC_ROCK,SEASHELLS,10164,5
7700,SUBMISSION,,VOLCANIC_ROCK,SEASHELLS,10165,5
7700,,SUBMISSION,VOLCANIC_ROCK,SEASHELLS,10164,4
7700,,SUBMISSION,VOLCANIC_ROCK,SEASHELLS,10164,2
7700,SUBMISSION,,VOLCANIC_ROCK_VOUCHER_10000,SEASHELLS,180,5
7700,SUBMISSION,,VOLCANIC_ROCK_VOUCHER_10250,SEASHELLS,36,5
7700,,SUBMISSION,VOLCANIC_ROCK_VOUCHER_10500,SEASHELLS,3,5
7700,SUBMISSION,,VOLCANIC_ROCK_VOUCHER_9500,SEASHELLS,665,5
7700,,SUBMISSION,VOLCANIC_ROCK_VOUCHER_9750,SEASHELLS,416,5
7900,,SUBMISSION,VOLCANIC_ROCK,SEASHELLS,10166,4
7900,,SUBMISSION,VOLCANIC_ROCK,SEASHELLS,10166,2
7900,SUBMISSION,,VOLCANIC_ROCK_VOUCHER_10000,SEASHELLS,183,5
7900,SUBMISSION,,VOLCANIC_ROCK_VOUCHER_10250,SEASHELLS,37,5
8000,SUBMISSION,,VOLCANIC_ROCK,SEASHELLS,10166,4
8000,,SUBMISSION,VOLCANIC_ROCK_VOUCHER_10000,SEASHELLS,183,5
8000,SUBMISSION,,VOLCANIC_ROCK_VOUCHER_10500,SEASHELLS,4,5
8100,SUBMISSION,,VOLCANIC_ROCK,SEASHELLS,10166,5
8100,,SUBMISSION,VOLCANIC_ROCK,SEASHELLS,10164,2
8100,SUBMISSION,,VOLCANIC_ROCK_VOUCHER_10250,SEASHELLS,36,5
8100,,SUBMISSION,VOLCANIC_ROCK_VOUCHER_10500,SEASHELLS,3,5
8200,SUBMISSION,,VOLCANIC_ROCK,SEASHELLS,10164,2
8200,,SUBMISSION,VOLCANIC_ROCK_VOUCHER_10250,SEASHELLS,35,5
8200,SUBMISSION,,VOLCANIC_ROCK_VOUCHER_10500,SEASHELLS,4,5
8300,,SUBMISSION,VOLCANIC_ROCK,SEASHELLS,10160,1
8300,SUBMISSION,,VOLCANIC_ROCK_VOUCHER_10250,SEASHELLS,34,4
8400,,SUBMISSION,VOLCANIC_ROCK,SEASHELLS,10163,2
8400,SUBMISSION,,VOLCANIC_ROCK_VOUCHER_10250,SEASHELLS,36,5
8400,,SUBMISSION,VOLCANIC_ROCK_VOUCHER_10500,SEASHELLS,3,5
8500,SUBMISSION,,VOLCANIC_ROCK,SEASHELLS,10170,5
8500,,SUBMISSION,VOLCANIC_ROCK,SEASHELLS,10169,5
8500,SUBMISSION,,VOLCANIC_ROCK,SEASHELLS,10170,4
8500,SUBMISSION,,VOLCANIC_ROCK,SEASHELLS,10170,2
8500,,SUBMISSION,VOLCANIC_ROCK_VOUCHER_10000,SEASHELLS,186,5
8500,,SUBMISSION,VOLCANIC_ROCK_VOUCHER_10250,SEASHELLS,37,5
8500,SUBMISSION,,VOLCANIC_ROCK_VOUCHER_10500,SEASHELLS,4,5
8500,,SUBMISSION,VOLCANIC_ROCK_VOUCHER_9500,SEASHELLS,669,5
8500,SUBMISSION,,VOLCANIC_ROCK_VOUCHER_9750,SEASHELLS,421,5
8600,,SUBMISSION,VOLCANIC_ROCK,SEASHELLS,10168,4
8600,SUBMISSION,,VOLCANIC_ROCK_VOUCHER_10000,SEASHELLS,184,5
8700,SUBMISSION,,VOLCANIC_ROCK,SEASHELLS,10166,5
8700,,SUBMISSION,VOLCANIC_ROCK,SEASHELLS,10164,2
8700,SUBMISSION,,VOLCANIC_ROCK_VOUCHER_10250,SEASHELLS,36,5
8700,,SUBMISSION,VOLCANIC_ROCK_VOUCHER_10500,SEASHELLS,3,5
8700,,SUBMISSION,VOLCANIC_ROCK_VOUCHER_9750,SEASHELLS,416,5
8800,SUBMISSION,,VOLCANIC_ROCK_VOUCHER_10500,SEASHELLS,4,5
8900,SUBMISSION,,VOLCANIC_ROCK,SEASHELLS,10165,4
8900,,SUBMISSION,VOLCANIC_ROCK_VOUCHER_10000,SEASHELLS,183,5
8900,SUBMISSION,,VOLCANIC_ROCK_VOUCHER_10500,SEASHELLS,4,5
9000,SUBMISSION,,VOLCANIC_ROCK,SEASHELLS,10161,2
9000,,SUBMISSION,VOLCANIC_ROCK_VOUCHER_10250,SEASHELLS,34,5
9000,SUBMISSION,,VOLCANIC_ROCK_VOUCHER_10500,SEASHELLS,4,5
9100,SUBMISSION,,VOLCANIC_ROCK_VOUCHER_10500,SEASHELLS,4,5
9200,SUBMISSION,,VOLCANIC_ROCK_VOUCHER_10500,SEASHELLS,4,5
9300,,SUBMISSION,VOLCANIC_ROCK,SEASHELLS,10163,1
9300,SUBMISSION,,VOLCANIC_ROCK,SEASHELLS,10164,5
9300,,SUBMISSION,VOLCANIC_ROCK,SEASHELLS,10163,4
9300,,SUBMISSION,VOLCANIC_ROCK,SEASHELLS,10163,2
9300,SUBMISSION,,VOLCANIC_ROCK_VOUCHER_10000,SEASHELLS,179,5
9300,SUBMISSION,,VOLCANIC_ROCK_VOUCHER_10250,SEASHELLS,36,5
9300,,SUBMISSION,VOLCANIC_ROCK_VOUCHER_10500,SEASHELLS,3,5
9300,SUBMISSION,,VOLCANIC_ROCK_VOUCHER_9500,SEASHELLS,664,1
9400,SUBMISSION,,VOLCANIC_ROCK,SEASHELLS,10164,5
9400,SUBMISSION,,VOLCANIC_ROCK,SEASHELLS,10164,2
9400,,SUBMISSION,VOLCANIC_ROCK_VOUCHER_10250,SEASHELLS,35,5
9400,SUBMISSION,,VOLCANIC_ROCK_VOUCHER_10500,SEASHELLS,4,5
9400,,SUBMISSION,VOLCANIC_ROCK_VOUCHER_9500,SEASHELLS,663,5
9500,SUBMISSION,,VOLCANIC_ROCK,SEASHELLS,10158,5
9500,,SUBMISSION,VOLCANIC_ROCK,SEASHELLS,10157,5
9500,SUBMISSION,,VOLCANIC_ROCK,SEASHELLS,10158,4
9500,,SUBMISSION,VOLCANIC_ROCK_VOUCHER_10000,SEASHELLS,176,5
9500,SUBMISSION,,VOLCANIC_ROCK_VOUCHER_10500,SEASHELLS,4,5
9500,,SUBMISSION,VOLCANIC_ROCK_VOUCHER_9500,SEASHELLS,657,5
9500,SUBMISSION,,VOLCANIC_ROCK_VOUCHER_9750,SEASHELLS,409,5
9600,,SUBMISSION,VOLCANIC_ROCK,SEASHELLS,10158,4
9600,SUBMISSION,,VOLCANIC_ROCK_VOUCHER_10000,SEASHELLS,175,5
9700,SUBMISSION,,VOLCANIC_ROCK_VOUCHER_10500,SEASHELLS,4,5
9800,,SUBMISSION,VOLCANIC_ROCK,SEASHELLS,10160,5
9800,SUBMISSION,,VOLCANIC_ROCK,SEASHELLS,10161,5
9800,,SUBMISSION,VOLCANIC_ROCK,SEASHELLS,10160,4
9800,,SUBMISSION,VOLCANIC_ROCK,SEASHELLS,10160,2
9800,SUBMISSION,,VOLCANIC_ROCK_VOUCHER_10000,SEASHELLS,180,5
9800,SUBMISSION,,VOLCANIC_ROCK_VOUCHER_10250,SEASHELLS,35,5
9800,,SUBMISSION,VOLCANIC_ROCK_VOUCHER_10500,SEASHELLS,3,5
9800,SUBMISSION,,VOLCANIC_ROCK_VOUCHER_9500,SEASHELLS,661,5
9800,,SUBMISSION,VOLCANIC_ROCK_VOUCHER_9750,SEASHELLS,412,5
9900,,SUBMISSION,VOLCANIC_ROCK,SEASHELLS,10162,5
9900,SUBMISSION,,VOLCANIC_ROCK,SEASHELLS,10163,5
9900,,SUBMISSION,VOLCANIC_ROCK,SEASHELLS,10162,4
9900,,SUBMISSION,VOLCANIC_ROCK,SEASHELLS,10162,2
9900,SUBMISSION,,VOLCANIC_ROCK_VOUCHER_10000,SEASHELLS,181,5
9900,SUBMISSION,,VOLCANIC_ROCK_VOUCHER_10250,SEASHELLS,36,5
9900,,SUBMISSION,VOLCANIC_ROCK_VOUCHER_10500,SEASHELLS,3,5
9900,SUBMISSION,,VOLCANIC_ROCK_VOUCHER_9500,SEASHELLS,663,5
10000,,SUBMISSION,VOLCANIC_ROCK,SEASHELLS,10162,2
10000,SUBMISSION,,VOLCANIC_ROCK_VOUCHER_10250,SEASHELLS,36,5
10000,,SUBMISSION,VOLCANIC_ROCK_VOUCHER_10500,SEASHELLS,3,5
10100,SUBMISSION,,VOLCANIC_ROCK_VOUCHER_10500,SEASHELLS,4,5
10200,,SUBMISSION,VOLCANIC_ROCK,SEASHELLS,10162,5
10200,SUBMISSION,,VOLCANIC_ROCK,SEASHELLS,10163,5
10200,,SUBMISSION,VOLCANIC_ROCK,SEASHELLS,10162,4
10200,,SUBMISSION,VOLCANIC_ROCK,SEASHELLS,10162,2
10200,SUBMISSION,,VOLCANIC_ROCK_VOUCHER_10000,SEASHELLS,182,5
10200,SUBMISSION,,VOLCANIC_ROCK_VOUCHER_10250,SEASHELLS,36,5
10200,,SUBMISSION,VOLCANIC_ROCK_VOUCHER_10500,SEASHELLS,3,5
10200,SUBMISSION,,VOLCANIC_ROCK_VOUCHER_9500,SEASHELLS,663,5
10300,,SUBMISSION,VOLCANIC_ROCK,SEASHELLS,10161,5
10300,SUBMISSION,,VOLCANIC_ROCK,SEASHELLS,10162,5
10300,,SUBMISSION,VOLCANIC_ROCK,SEASHELLS,10161,4
10300,,SUBMISSION,VOLCANIC_ROCK,SEASHELLS,10161,2
10300,SUBMISSION,,VOLCANIC_ROCK_VOUCHER_10000,SEASHELLS,181,5
10300,SUBMISSION,,VOLCANIC_ROCK_VOUCHER_10250,SEASHELLS,35,5
10300,,SUBMISSION,VOLCANIC_ROCK_VOUCHER_10500,SEASHELLS,3,5
10300,SUBMISSION,,VOLCANIC_ROCK_VOUCHER_9500,SEASHELLS,662,5
10400,SUBMISSION,,VOLCANIC_ROCK,SEASHELLS,10162,2
10400,,SUBMISSION,VOLCANIC_ROCK_VOUCHER_10250,SEASHELLS,34,5
10400,SUBMISSION,,VOLCANIC_ROCK_VOUCHER_10500,SEASHELLS,4,5
10500,SUBMISSION,,VOLCANIC_ROCK,SEASHELLS,10165,4
10500,,SUBMISSION,VOLCANIC_ROCK_VOUCHER_10000,SEASHELLS,185,5
10600,,SUBMISSION,VOLCANIC_ROCK,SEASHELLS,10165,2
10600,SUBMISSION,,VOLCANIC_ROCK_VOUCHER_10250,SEASHELLS,37,5
10700,SUBMISSION,,VOLCANIC_ROCK,SEASHELLS,10165,2
10700,,SUBMISSION,VOLCANIC_ROCK_VOUCHER_10250,SEASHELLS,35,5
10700,SUBMISSION,,VOLCANIC_ROCK_VOUCHER_10500,SEASHELLS,4,5
10800,,SUBMISSION,VOLCANIC_ROCK,SEASHELLS,10166,2
10800,SUBMISSION,,VOLCANIC_ROCK_VOUCHER_10250,SEASHELLS,37,5
10800,,SUBMISSION,VOLCANIC_ROCK_VOUCHER_10500,SEASHELLS,3,5
10900,,SUBMISSION,VOLCANIC_ROCK,SEASHELLS,10164,5
10900,SUBMISSION,,VOLCANIC_ROCK,SEASHELLS,10165,5
10900,,SUBMISSION,VOLCANIC_ROCK,SEASHELLS,10164,4
10900,,SUBMISSION,VOLCANIC_ROCK,SEASHELLS,10164,2
10900,SUBMISSION,,VOLCANIC_ROCK_VOUCHER_10000,SEASHELLS,181,5
10900,SUBMISSION,,VOLCANIC_ROCK_VOUCHER_10250,SEASHELLS,36,5
10900,,SUBMISSION,VOLCANIC_ROCK_VOUCHER_10500,SEASHELLS,3,5
10900,SUBMISSION,,VOLCANIC_ROCK_VOUCHER_9500,SEASHELLS,665,5
11000,SUBMISSION,,VOLCANIC_ROCK,SEASHELLS,10167,2
11000,,SUBMISSION,VOLCANIC_ROCK_VOUCHER_10250,SEASHELLS,36,5
11000,SUBMISSION,,VOLCANIC_ROCK_VOUCHER_10500,SEASHELLS,4,5
11100,SUBMISSION,,VOLCANIC_ROCK,SEASHELLS,10164,2
11100,,SUBMISSION,VOLCANIC_ROCK_VOUCHER_10250,SEASHELLS,35,5
11100,SUBMISSION,,VOLCANIC_ROCK_VOUCHER_10500,SEASHELLS,4,5
11200,,SUBMISSION,VOLCANIC_ROCK,SEASHELLS,10162,2
11200,SUBMISSION,,VOLCANIC_ROCK_VOUCHER_10250,SEASHELLS,36,5
11200,,SUBMISSION,VOLCANIC_ROCK_VOUCHER_10500,SEASHELLS,3,5
11300,,SUBMISSION,VOLCANIC_ROCK,SEASHELLS,10160,5
11300,SUBMISSION,,VOLCANIC_ROCK,SEASHELLS,10161,5
11300,,SUBMISSION,VOLCANIC_ROCK,SEASHELLS,10160,4
11300,,SUBMISSION,VOLCANIC_ROCK,SEASHELLS,10160,2
11300,SUBMISSION,,VOLCANIC_ROCK_VOUCHER_10000,SEASHELLS,179,5
11300,SUBMISSION,,VOLCANIC_ROCK_VOUCHER_10250,SEASHELLS,35,5
11300,,SUBMISSION,VOLCANIC_ROCK_VOUCHER_10500,SEASHELLS,3,5
11300,SUBMISSION,,VOLCANIC_ROCK_VOUCHER_9500,SEASHELLS,661,5
11400,,SUBMISSION,VOLCANIC_ROCK,SEASHELLS,10160,2
11400,SUBMISSION,,VOLCANIC_ROCK_VOUCHER_10250,SEASHELLS,35,5
11400,,SUBMISSION,VOLCANIC_ROCK_VOUCHER_10500,SEASHELLS,3,5
11500,SUBMISSION,,VOLCANIC_ROCK,SEASHELLS,10164,4
11500,,SUBMISSION,VOLCANIC_ROCK_VOUCHER_10000,SEASHELLS,183,5
11500,SUBMISSION,,VOLCANIC_ROCK_VOUCHER_10500,SEASHELLS,4,5
11600,,SUBMISSION,VOLCANIC_ROCK,SEASHELLS,10161,5
11600,SUBMISSION,,VOLCANIC_ROCK,SEASHELLS,10163,5
11600,,SUBMISSION,VOLCANIC_ROCK,SEASHELLS,10161,4
11600,,SUBMISSION,VOLCANIC_ROCK,SEASHELLS,10161,2
11600,SUBMISSION,,VOLCANIC_ROCK_VOUCHER_10000,SEASHELLS,181,5
11600,SUBMISSION,,VOLCANIC_ROCK_VOUCHER_10250,SEASHELLS,36,5
11600,,SUBMISSION,VOLCANIC_ROCK_VOUCHER_10500,SEASHELLS,3,5
11600,SUBMISSION,,VOLCANIC_ROCK_VOUCHER_9500,SEASHELLS,662,5
11700,,SUBMISSION,VOLCANIC_ROCK,SEASHELLS,10162,2
11700,SUBMISSION,,VOLCANIC_ROCK_VOUCHER_10250,SEASHELLS,36,5
11800,SUBMISSION,,VOLCANIC_ROCK,SEASHELLS,10159,2
11800,,SUBMISSION,VOLCANIC_ROCK_VOUCHER_10250,SEASHELLS,33,5
11800,SUBMISSION,,VOLCANIC_ROCK_VOUCHER_10500,SEASHELLS,4,5
11900,SUBMISSION,,VOLCANIC_ROCK,SEASHELLS,10148,1
11900,,SUBMISSION,VOLCANIC_ROCK_VOUCHER_10250,SEASHELLS,30,5
11900,SUBMISSION,,VOLCANIC_ROCK_VOUCHER_10500,SEASHELLS,3,5
12000,SUBMISSION,,VOLCANIC_ROCK,SEASHELLS,10138,5
12000,SUBMISSION,,VOLCANIC_ROCK,SEASHELLS,10138,4
12000,SUBMISSION,,VOLCANIC_ROCK,SEASHELLS,10138,1
12000,,SUBMISSION,VOLCANIC_ROCK_VOUCHER_10000,SEASHELLS,160,5
12000,,SUBMISSION,VOLCANIC_ROCK_VOUCHER_10250,SEASHELLS,28,5
12000,SUBMISSION,,VOLCANIC_ROCK_VOUCHER_10500,SEASHELLS,3,5
12000,,SUBMISSION,VOLCANIC_ROCK_VOUCHER_9500,SEASHELLS,638,5
12100,SUBMISSION,,VOLCANIC_ROCK,SEASHELLS,10144,5
12100,SUBMISSION,,VOLCANIC_ROCK,SEASHELLS,10144,4
12100,,SUBMISSION,VOLCANIC_ROCK_VOUCHER_10000,SEASHELLS,166,5
12100,SUBMISSION,,VOLCANIC_ROCK_VOUCHER_10500,SEASHELLS,3,5
12100,,SUBMISSION,VOLCANIC_ROCK_VOUCHER_9500,SEASHELLS,644,5
12200,SUBMISSION,,VOLCANIC_ROCK,SEASHELLS,10152,5
12200,,SUBMISSION,VOLCANIC_ROCK,SEASHELLS,10150,4
12200,,SUBMISSION,VOLCANIC_ROCK,SEASHELLS,10150,1
12200,SUBMISSION,,VOLCANIC_ROCK_VOUCHER_10000,SEASHELLS,170,5
12200,SUBMISSION,,VOLCANIC_ROCK_VOUCHER_10250,SEASHELLS,32,5
12200,,SUBMISSION,VOLCANIC_ROCK_VOUCHER_10500,SEASHELLS,3,5
12300,,SUBMISSION,VOLCANIC_ROCK,SEASHELLS,10150,5
12300,SUBMISSION,,VOLCANIC_ROCK,SEASHELLS,10151,5
12300,,SUBMISSION,VOLCANIC_ROCK,SEASHELLS,10150,4
12300,,SUBMISSION,VOLCANIC_ROCK,SEASHELLS,10150,1
12300,SUBMISSION,,VOLCANIC_ROCK_VOUCHER_10000,SEASHELLS,169,5
12300,SUBMISSION,,VOLCANIC_ROCK_VOUCHER_10250,SEASHELLS,32,5
12300,,SUBMISSION,VOLCANIC_ROCK_VOUCHER_10500,SEASHELLS,3,5
12300,SUBMISSION,,VOLCANIC_ROCK_VOUCHER_9500,SEASHELLS,651,5
12400,SUBMISSION,,VOLCANIC_ROCK,SEASHELLS,10146,1
12400,,SUBMISSION,VOLCANIC_ROCK_VOUCHER_10250,SEASHELLS,30,5
12400,SUBMISSION,,VOLCANIC_ROCK_VOUCHER_10500,SEASHELLS,3,5
12500,SUBMISSION,,VOLCANIC_ROCK,SEASHELLS,10141,1
12500,,SUBMISSION,VOLCANIC_ROCK_VOUCHER_10250,SEASHELLS,28,5
12500,SUBMISSION,,VOLCANIC_ROCK_VOUCHER_10500,SEASHELLS,3,5
12600,,SUBMISSION,VOLCANIC_ROCK,SEASHELLS,10127,5
12600,SUBMISSION,,VOLCANIC_ROCK,SEASHELLS,10128,5
12600,,SUBMISSION,VOLCANIC_ROCK,SEASHELLS,10127,4
12600,,SUBMISSION,VOLCANIC_ROCK,SEASHELLS,10127,1
12600,SUBMISSION,,VOLCANIC_ROCK_VOUCHER_10000,SEASHELLS,153,5
12600,SUBMISSION,,VOLCANIC_ROCK_VOUCHER_10250,SEASHELLS,26,5
12600,,SUBMISSION,VOLCANIC_ROCK_VOUCHER_10500,SEASHELLS,2,5
12600,SUBMISSION,,VOLCANIC_ROCK_VOUCHER_9500,SEASHELLS,628,5
12700,SUBMISSION,,VOLCANIC_ROCK,SEASHELLS,10123,4
12700,,SUBMISSION,VOLCANIC_ROCK_VOUCHER_10000,SEASHELLS,150,5
12800,SUBMISSION,,VOLCANIC_ROCK,SEASHELLS,10114,5
12800,SUBMISSION,,VOLCANIC_ROCK,SEASHELLS,10114,1
12800,,SUBMISSION,VOLCANIC_ROCK_VOUCHER_10250,SEASHELLS,22,5
12800,SUBMISSION,,VOLCANIC_ROCK_VOUCHER_10500,SEASHELLS,3,5
12800,,SUBMISSION,VOLCANIC_ROCK_VOUCHER_9500,SEASHELLS,613,5
12900,,SUBMISSION,VOLCANIC_ROCK,SEASHELLS,10114,1
12900,SUBMISSION,,VOLCANIC_ROCK_VOUCHER_10250,SEASHELLS,23,5
12900,,SUBMISSION,VOLCANIC_ROCK_VOUCHER_10500,SEASHELLS,2,5
13000,SUBMISSION,,VOLCANIC_ROCK_VOUCHER_10500,SEASHELLS,3,5
13100,SUBMISSION,,VOLCANIC_ROCK,SEASHELLS,10120,4
13100,,SUBMISSION,VOLCANIC_ROCK_VOUCHER_10000,SEASHELLS,146,5
13100,SUBMISSION,,VOLCANIC_ROCK_VOUCHER_10500,SEASHELLS,3,5
13200,SUBMISSION,,VOLCANIC_ROCK,SEASHELLS,10123,5
13200,,SUBMISSION,VOLCANIC_ROCK,SEASHELLS,10122,1
13200,SUBMISSION,,VOLCANIC_ROCK_VOUCHER_10250,SEASHELLS,25,5
13200,,SUBMISSION,VOLCANIC_ROCK_VOUCHER_10500,SEASHELLS,2,5
13300,SUBMISSION,,VOLCANIC_ROCK_VOUCHER_10500,SEASHELLS,3,5
13400,SUBMISSION,,VOLCANIC_ROCK,SEASHELLS,10114,4
13400,,SUBMISSION,VOLCANIC_ROCK_VOUCHER_10000,SEASHELLS,142,5
13500,SUBMISSION,,VOLCANIC_ROCK_VOUCHER_10500,SEASHELLS,3,5
13600,SUBMISSION,,VOLCANIC_ROCK,SEASHELLS,10116,5
13600,SUBMISSION,,VOLCANIC_ROCK,SEASHELLS,10116,4
13600,,SUBMISSION,VOLCANIC_ROCK_VOUCHER_10000,SEASHELLS,141,5
13600,SUBMISSION,,VOLCANIC_ROCK_VOUCHER_10500,SEASHELLS,3,5
13600,,SUBMISSION,VOLCANIC_ROCK_VOUCHER_9500,SEASHELLS,615,5
13700,SUBMISSION,,VOLCANIC_ROCK_VOUCHER_10500,SEASHELLS,3,5
13800,SUBMISSION,,VOLCANIC_ROCK_VOUCHER_10500,SEASHELLS,3,5
14000,SUBMISSION,,VOLCANIC_ROCK,SEASHELLS,10118,5
14000,,SUBMISSION,VOLCANIC_ROCK,SEASHELLS,10117,5
14000,SUBMISSION,,VOLCANIC_ROCK,SEASHELLS,10118,4
14000,,SUBMISSION,VOLCANIC_ROCK_VOUCHER_10000,SEASHELLS,145,5
14000,SUBMISSION,,VOLCANIC_ROCK_VOUCHER_10500,SEASHELLS,3,5
14000,,SUBMISSION,VOLCANIC_ROCK_VOUCHER_9500,SEASHELLS,618,5
14000,SUBMISSION,,VOLCANIC_ROCK_VOUCHER_9750,SEASHELLS,370,5
14100,,SUBMISSION,VOLCANIC_ROCK,SEASHELLS,10120,5
14100,SUBMISSION,,VOLCANIC_ROCK,SEASHELLS,10122,5
14100,,SUBMISSION,VOLCANIC_ROCK,SEASHELLS,10120,4
14100,,SUBMISSION,VOLCANIC_ROCK,SEASHELLS,10120,1
14100,SUBMISSION,,VOLCANIC_ROCK_VOUCHER_10000,SEASHELLS,150,5
14100,SUBMISSION,,VOLCANIC_ROCK_VOUCHER_10250,SEASHELLS,25,5
14100,,SUBMISSION,VOLCANIC_ROCK_VOUCHER_10500,SEASHELLS,2,5
14100,SUBMISSION,,VOLCANIC_ROCK_VOUCHER_9500,SEASHELLS,621,5
14100,,SUBMISSION,VOLCANIC_ROCK_VOUCHER_9750,SEASHELLS,372,5
14400,SUBMISSION,,VOLCANIC_ROCK,SEASHELLS,10128,1
14400,,SUBMISSION,VOLCANIC_ROCK_VOUCHER_10250,SEASHELLS,25,5
14400,SUBMISSION,,VOLCANIC_ROCK_VOUCHER_10500,SEASHELLS,3,5
14600,SUBMISSION,,VOLCANIC_ROCK,SEASHELLS,10128,5
14600,,SUBMISSION,VOLCANIC_ROCK,SEASHELLS,10127,4
14600,,SUBMISSION,VOLCANIC_ROCK,SEASHELLS,10127,1
14600,SUBMISSION,,VOLCANIC_ROCK_VOUCHER_10000,SEASHELLS,152,5
14600,SUBMISSION,,VOLCANIC_ROCK_VOUCHER_10250,SEASHELLS,26,5
14600,,SUBMISSION,VOLCANIC_ROCK_VOUCHER_10500,SEASHELLS,2,5
14700,SUBMISSION,,VOLCANIC_ROCK,SEASHELLS,10127,5
14700,SUBMISSION,,VOLCANIC_ROCK,SEASHELLS,10127,1
14700,,SUBMISSION,VOLCANIC_ROCK_VOUCHER_10250,SEASHELLS,25,5
14700,SUBMISSION,,VOLCANIC_ROCK_VOUCHER_10500,SEASHELLS,3,5
14700,,SUBMISSION,VOLCANIC_ROCK_VOUCHER_9500,SEASHELLS,626,5
14800,SUBMISSION,,VOLCANIC_ROCK_VOUCHER_10500,SEASHELLS,3,5
14900,SUBMISSION,,VOLCANIC_ROCK,SEASHELLS,10125,4
14900,,SUBMISSION,VOLCANIC_ROCK_VOUCHER_10000,SEASHELLS,151,5
15000,SUBMISSION,,VOLCANIC_ROCK,SEASHELLS,10126,5
15000,,SUBMISSION,VOLCANIC_ROCK,SEASHELLS,10125,4
15000,,SUBMISSION,VOLCANIC_ROCK,SEASHELLS,10125,1
15000,SUBMISSION,,VOLCANIC_ROCK_VOUCHER_10000,SEASHELLS,151,5
15000,SUBMISSION,,VOLCANIC_ROCK_VOUCHER_10250,SEASHELLS,26,5
15000,,SUBMISSION,VOLCANIC_ROCK_VOUCHER_10500,SEASHELLS,2,5
15100,,SUBMISSION,VOLCANIC_ROCK,SEASHELLS,10128,4
15100,,SUBMISSION,VOLCANIC_ROCK,SEASHELLS,10128,1
15100,SUBMISSION,,VOLCANIC_ROCK_VOUCHER_10000,SEASHELLS,152,5
15100,SUBMISSION,,VOLCANIC_ROCK_VOUCHER_10250,SEASHELLS,26,5
15200,SUBMISSION,,VOLCANIC_ROCK,SEASHELLS,10129,5
15200,SUBMISSION,,VOLCANIC_ROCK,SEASHELLS,10129,4
15200,,SUBMISSION,VOLCANIC_ROCK_VOUCHER_10000,SEASHELLS,151,5
15200,SUBMISSION,,VOLCANIC_ROCK_VOUCHER_10500,SEASHELLS,3,5
15200,,SUBMISSION,VOLCANIC_ROCK_VOUCHER_9500,SEASHELLS,628,5
15300,,SUBMISSION,VOLCANIC_ROCK,SEASHELLS,10126,1
15300,SUBMISSION,,VOLCANIC_ROCK_VOUCHER_10250,SEASHELLS,25,5
15400,SUBMISSION,,VOLCANIC_ROCK_VOUCHER_10500,SEASHELLS,3,5
15500,SUBMISSION,,VOLCANIC_ROCK_VOUCHER_10500,SEASHELLS,3,5
15800,,SUBMISSION,VOLCANIC_ROCK,SEASHELLS,10131,3
15800,,SUBMISSION,VOLCANIC_ROCK,SEASHELLS,10131,1
15800,SUBMISSION,,VOLCANIC_ROCK_VOUCHER_10000,SEASHELLS,155,4
15800,SUBMISSION,,VOLCANIC_ROCK_VOUCHER_10250,SEASHELLS,26,4
16000,SUBMISSION,,VOLCANIC_ROCK,SEASHELLS,10131,5
16000,,SUBMISSION,VOLCANIC_ROCK,SEASHELLS,10130,1
16000,SUBMISSION,,VOLCANIC_ROCK_VOUCHER_10250,SEASHELLS,27,5
16000,,SUBMISSION,VOLCANIC_ROCK_VOUCHER_10500,SEASHELLS,2,5
16100,SUBMISSION,,VOLCANIC_ROCK_VOUCHER_10500,SEASHELLS,3,5
16200,SUBMISSION,,VOLCANIC_ROCK,SEASHELLS,10131,5
16200,,SUBMISSION,VOLCANIC_ROCK,SEASHELLS,10130,4
16200,,SUBMISSION,VOLCANIC_ROCK,SEASHELLS,10130,1
16200,SUBMISSION,,VOLCANIC_ROCK_VOUCHER_10000,SEASHELLS,155,5
16200,SUBMISSION,,VOLCANIC_ROCK_VOUCHER_10250,SEASHELLS,27,5
16200,,SUBMISSION,VOLCANIC_ROCK_VOUCHER_10500,SEASHELLS,2,5
16300,,SUBMISSION,VOLCANIC_ROCK,SEASHELLS,10132,1
16300,SUBMISSION,,VOLCANIC_ROCK_VOUCHER_10250,SEASHELLS,27,5
16300,,SUBMISSION,VOLCANIC_ROCK_VOUCHER_10500,SEASHELLS,2,5
16400,,SUBMISSION,VOLCANIC_ROCK,SEASHELLS,10135,5
16400,SUBMISSION,,VOLCANIC_ROCK,SEASHELLS,10136,5
16400,,SUBMISSION,VOLCANIC_ROCK,SEASHELLS,10135,4
16400,,SUBMISSION,VOLCANIC_ROCK,SEASHELLS,10135,1
16400,SUBMISSION,,VOLCANIC_ROCK_VOUCHER_10000,SEASHELLS,156,5
16400,SUBMISSION,,VOLCANIC_ROCK_VOUCHER_10250,SEASHELLS,28,5
16400,,SUBMISSION,VOLCANIC_ROCK_VOUCHER_10500,SEASHELLS,2,5
16400,SUBMISSION,,VOLCANIC_ROCK_VOUCHER_9500,SEASHELLS,636,5
16500,SUBMISSION,,VOLCANIC_ROCK,SEASHELLS,10140,1
16500,,SUBMISSION,VOLCANIC_ROCK_VOUCHER_10250,SEASHELLS,28,5
16500,SUBMISSION,,VOLCANIC_ROCK_VOUCHER_10500,SEASHELLS,3,5
16500,SUBMISSION,,VOLCANIC_ROCK_VOUCHER_9500,SEASHELLS,639,1
16800,SUBMISSION,,VOLCANIC_ROCK,SEASHELLS,10144,5
16800,SUBMISSION,,VOLCANIC_ROCK,SEASHELLS,10144,4
16800,,SUBMISSION,VOLCANIC_ROCK_VOUCHER_10000,SEASHELLS,165,5
16800,SUBMISSION,,VOLCANIC_ROCK_VOUCHER_10500,SEASHELLS,3,5
16800,,SUBMISSION,VOLCANIC_ROCK_VOUCHER_9500,SEASHELLS,643,5
16900,,SUBMISSION,VOLCANIC_ROCK,SEASHELLS,10144,5
16900,SUBMISSION,,VOLCANIC_ROCK,SEASHELLS,10145,5
16900,,SUBMISSION,VOLCANIC_ROCK,SEASHELLS,10144,4
16900,,SUBMISSION,VOLCANIC_ROCK,SEASHELLS,10144,1
16900,SUBMISSION,,VOLCANIC_ROCK_VOUCHER_10000,SEASHELLS,166,5
16900,SUBMISSION,,VOLCANIC_ROCK_VOUCHER_10250,SEASHELLS,30,5
16900,,SUBMISSION,VOLCANIC_ROCK_VOUCHER_10500,SEASHELLS,2,5
16900,SUBMISSION,,VOLCANIC_ROCK_VOUCHER_9500,SEASHELLS,645,5
17000,,SUBMISSION,VOLCANIC_ROCK,SEASHELLS,10148,5
17000,,SUBMISSION,VOLCANIC_ROCK,SEASHELLS,10148,4
17000,,SUBMISSION,VOLCANIC_ROCK,SEASHELLS,10148,1
17000,SUBMISSION,,VOLCANIC_ROCK_VOUCHER_10000,SEASHELLS,166,5
17000,SUBMISSION,,VOLCANIC_ROCK_VOUCHER_10250,SEASHELLS,30,2
17000,SUBMISSION,,VOLCANIC_ROCK_VOUCHER_9500,SEASHELLS,648,5
17100,SUBMISSION,,VOLCANIC_ROCK,SEASHELLS,10150,5
17100,SUBMISSION,,VOLCANIC_ROCK,SEASHELLS,10150,1
17100,,SUBMISSION,VOLCANIC_ROCK_VOUCHER_10250,SEASHELLS,31,5
17100,SUBMISSION,,VOLCANIC_ROCK_VOUCHER_10500,SEASHELLS,3,5
17100,,SUBMISSION,VOLCANIC_ROCK_VOUCHER_9500,SEASHELLS,649,5
17200,SUBMISSION,,VOLCANIC_ROCK,SEASHELLS,10149,5
17200,SUBMISSION,,VOLCANIC_ROCK,SEASHELLS,10149,4
17200,SUBMISSION,,VOLCANIC_ROCK_VOUCHER_10500,SEASHELLS,3,5
17200,,SUBMISSION,VOLCANIC_ROCK_VOUCHER_9500,SEASHELLS,648,5
17300,SUBMISSION,,VOLCANIC_ROCK,SEASHELLS,10147,1
17300,,SUBMISSION,VOLCANIC_ROCK_VOUCHER_10250,SEASHELLS,30,5
17300,SUBMISSION,,VOLCANIC_ROCK_VOUCHER_10500,SEASHELLS,3,5
17400,SUBMISSION,,VOLCANIC_ROCK,SEASHELLS,10145,5
17400,,SUBMISSION,VOLCANIC_ROCK,SEASHELLS,10144,4
17400,,SUBMISSION,VOLCANIC_ROCK,SEASHELLS,10144,1
17400,SUBMISSION,,VOLCANIC_ROCK_VOUCHER_10000,SEASHELLS,167,5
17400,SUBMISSION,,VOLCANIC_ROCK_VOUCHER_10250,SEASHELLS,30,5
17400,,SUBMISSION,VOLCANIC_ROCK_VOUCHER_10500,SEASHELLS,2,5
17500,SUBMISSION,,VOLCANIC_ROCK,SEASHELLS,10145,1
17500,,SUBMISSION,VOLCANIC_ROCK_VOUCHER_10250,SEASHELLS,29,5
17500,SUBMISSION,,VOLCANIC_ROCK_VOUCHER_10500,SEASHELLS,3,5
17600,SUBMISSION,,VOLCANIC_ROCK,SEASHELLS,10140,1
17600,,SUBMISSION,VOLCANIC_ROCK_VOUCHER_10250,SEASHELLS,28,5
17600,SUBMISSION,,VOLCANIC_ROCK_VOUCHER_10500,SEASHELLS,3,5
17700,,SUBMISSION,VOLCANIC_ROCK,SEASHELLS,10138,1
17700,SUBMISSION,,VOLCANIC_ROCK_VOUCHER_10250,SEASHELLS,29,5
17800,,SUBMISSION,VOLCANIC_ROCK,SEASHELLS,10135,1
17800,SUBMISSION,,VOLCANIC_ROCK_VOUCHER_10250,SEASHELLS,28,5
17800,,SUBMISSION,VOLCANIC_ROCK_VOUCHER_10500,SEASHELLS,2,5
17900,SUBMISSION,,VOLCANIC_ROCK,SEASHELLS,10138,5
17900,SUBMISSION,,VOLCANIC_ROCK,SEASHELLS,10138,4
17900,SUBMISSION,,VOLCANIC_ROCK,SEASHELLS,10138,1
17900,,SUBMISSION,VOLCANIC_ROCK_VOUCHER_10000,SEASHELLS,159,5
17900,,SUBMISSION,VOLCANIC_ROCK_VOUCHER_10250,SEASHELLS,28,5
17900,SUBMISSION,,VOLCANIC_ROCK_VOUCHER_10500,SEASHELLS,3,5
17900,,SUBMISSION,VOLCANIC_ROCK_VOUCHER_9500,SEASHELLS,637,5
18000,SUBMISSION,,VOLCANIC_ROCK,SEASHELLS,10138,5
18000,SUBMISSION,,VOLCANIC_ROCK,SEASHELLS,10138,1
18000,,SUBMISSION,VOLCANIC_ROCK_VOUCHER_10250,SEASHELLS,28,5
18000,SUBMISSION,,VOLCANIC_ROCK_VOUCHER_10500,SEASHELLS,3,5
18000,,SUBMISSION,VOLCANIC_ROCK_VOUCHER_9500,SEASHELLS,637,5
18100,SUBMISSION,,VOLCANIC_ROCK_VOUCHER_10500,SEASHELLS,3,5
18200,SUBMISSION,,VOLCANIC_ROCK,SEASHELLS,10139,5
18200,,SUBMISSION,VOLCANIC_ROCK,SEASHELLS,10137,5
18200,SUBMISSION,,VOLCANIC_ROCK,SEASHELLS,10139,4
18200,,SUBMISSION,VOLCANIC_ROCK_VOUCHER_10000,SEASHELLS,162,5
18200,SUBMISSION,,VOLCANIC_ROCK_VOUCHER_10500,SEASHELLS,3,5
18200,,SUBMISSION,VOLCANIC_ROCK_VOUCHER_9500,SEASHELLS,638,5
18200,SUBMISSION,,VOLCANIC_ROCK_VOUCHER_9750,SEASHELLS,390,5
18300,SUBMISSION,,VOLCANIC_ROCK,SEASHELLS,10136,5
18300,,SUBMISSION,VOLCANIC_ROCK,SEASHELLS,10135,1
18300,SUBMISSION,,VOLCANIC_ROCK_VOUCHER_10250,SEASHELLS,28,5
18300,,SUBMISSION,VOLCANIC_ROCK_VOUCHER_10500,SEASHELLS,2,5
18300,,SUBMISSION,VOLCANIC_ROCK_VOUCHER_9750,SEASHELLS,387,5
18400,SUBMISSION,,VOLCANIC_ROCK,SEASHELLS,10134,5
18400,,SUBMISSION,VOLCANIC_ROCK,SEASHELLS,10133,4
18400,,SUBMISSION,VOLCANIC_ROCK,SEASHELLS,10133,1
18400,SUBMISSION,,VOLCANIC_ROCK_VOUCHER_10000,SEASHELLS,157,5
18400,SUBMISSION,,VOLCANIC_ROCK_VOUCHER_10250,SEASHELLS,28,5
18400,,SUBMISSION,VOLCANIC_ROCK_VOUCHER_10500,SEASHELLS,2,5
18500,SUBMISSION,,VOLCANIC_ROCK,SEASHELLS,10135,1
18500,,SUBMISSION,VOLCANIC_ROCK_VOUCHER_10250,SEASHELLS,27,5
18500,SUBMISSION,,VOLCANIC_ROCK_VOUCHER_10500,SEASHELLS,3,5
18600,SUBMISSION,,VOLCANIC_ROCK,SEASHELLS,10133,5
18600,,SUBMISSION,VOLCANIC_ROCK,SEASHELLS,10132,4
18600,,SUBMISSION,VOLCANIC_ROCK,SEASHELLS,10132,1
18600,SUBMISSION,,VOLCANIC_ROCK_VOUCHER_10000,SEASHELLS,157,5
18600,SUBMISSION,,VOLCANIC_ROCK_VOUCHER_10250,SEASHELLS,27,5
18600,,SUBMISSION,VOLCANIC_ROCK_VOUCHER_10500,SEASHELLS,2,5
18700,SUBMISSION,,VOLCANIC_ROCK,SEASHELLS,10134,5
18700,SUBMISSION,,VOLCANIC_ROCK,SEASHELLS,10134,4
18700,,SUBMISSION,VOLCANIC_ROCK_VOUCHER_10000,SEASHELLS,157,5
18700,SUBMISSION,,VOLCANIC_ROCK_VOUCHER_10500,SEASHELLS,3,5
18700,,SUBMISSION,VOLCANIC_ROCK_VOUCHER_9500,SEASHELLS,633,5
18800,,SUBMISSION,VOLCANIC_ROCK,SEASHELLS,10133,1
18800,SUBMISSION,,VOLCANIC_ROCK_VOUCHER_10250,SEASHELLS,28,5
18800,,SUBMISSION,VOLCANIC_ROCK_VOUCHER_10500,SEASHELLS,2,5
18900,SUBMISSION,,VOLCANIC_ROCK,SEASHELLS,10135,5
18900,,SUBMISSION,VOLCANIC_ROCK,SEASHELLS,10134,4
18900,SUBMISSION,,VOLCANIC_ROCK_VOUCHER_10000,SEASHELLS,157,5
18900,,SUBMISSION,VOLCANIC_ROCK_VOUCHER_10500,SEASHELLS,2,5
19000,,SUBMISSION,VOLCANIC_ROCK,SEASHELLS,10135,5
19000,SUBMISSION,,VOLCANIC_ROCK,SEASHELLS,10136,5
19000,,SUBMISSION,VOLCANIC_ROCK,SEASHELLS,10135,4
19000,SUBMISSION,,VOLCANIC_ROCK_VOUCHER_10000,SEASHELLS,159,5
19000,,SUBMISSION,VOLCANIC_ROCK_VOUCHER_10500,SEASHELLS,2,5
19000,SUBMISSION,,VOLCANIC_ROCK_VOUCHER_9500,SEASHELLS,636,5
19100,SUBMISSION,,VOLCANIC_ROCK,SEASHELLS,10131,5
19100,,SUBMISSION,VOLCANIC_ROCK,SEASHELLS,10129,5
19100,SUBMISSION,,VOLCANIC_ROCK,SEASHELLS,10131,4
19100,,SUBMISSION,VOLCANIC_ROCK_VOUCHER_10000,SEASHELLS,155,5
19100,SUBMISSION,,VOLCANIC_ROCK_VOUCHER_10500,SEASHELLS,3,5
19100,,SUBMISSION,VOLCANIC_ROCK_VOUCHER_9500,SEASHELLS,630,5
19100,SUBMISSION,,VOLCANIC_ROCK_VOUCHER_9750,SEASHELLS,382,5
19200,SUBMISSION,,VOLCANIC_ROCK,SEASHELLS,10133,4
19200,SUBMISSION,,VOLCANIC_ROCK,SEASHELLS,10133,1
19200,,SUBMISSION,VOLCANIC_ROCK_VOUCHER_10000,SEASHELLS,154,5
19200,,SUBMISSION,VOLCANIC_ROCK_VOUCHER_10250,SEASHELLS,26,5
19200,SUBMISSION,,VOLCANIC_ROCK_VOUCHER_10500,SEASHELLS,3,5
19300,SUBMISSION,,VOLCANIC_ROCK,SEASHELLS,10136,5
19300,SUBMISSION,,VOLCANIC_ROCK,SEASHELLS,10136,4
19300,,SUBMISSION,VOLCANIC_ROCK_VOUCHER_10000,SEASHELLS,159,5
19300,SUBMISSION,,VOLCANIC_ROCK_VOUCHER_10500,SEASHELLS,3,5
19300,,SUBMISSION,VOLCANIC_ROCK_VOUCHER_9500,SEASHELLS,635,5
19500,SUBMISSION,,VOLCANIC_ROCK_VOUCHER_10500,SEASHELLS,3,5
19600,SUBMISSION,,VOLCANIC_ROCK,SEASHELLS,10135,1
19600,,SUBMISSION,VOLCANIC_ROCK_VOUCHER_10250,SEASHELLS,27,5
19600,SUBMISSION,,VOLCANIC_ROCK_VOUCHER_10500,SEASHELLS,3,5
19800,,SUBMISSION,VOLCANIC_ROCK,SEASHELLS,10138,1
19800,SUBMISSION,,VOLCANIC_ROCK_VOUCHER_10250,SEASHELLS,29,5
19900,,SUBMISSION,VOLCANIC_ROCK,SEASHELLS,10144,1
19900,SUBMISSION,,VOLCANIC_ROCK_VOUCHER_10250,SEASHELLS,31,5
20000,SUBMISSION,,VOLCANIC_ROCK,SEASHELLS,10142,5
20000,,SUBMISSION,VOLCANIC_ROCK,SEASHELLS,10140,4
20000,SUBMISSION,,VOLCANIC_ROCK_VOUCHER_10000,SEASHELLS,163,5
20000,,SUBMISSION,VOLCANIC_ROCK_VOUCHER_10500,SEASHELLS,2,5
20000,,SUBMISSION,VOLCANIC_ROCK_VOUCHER_9750,SEASHELLS,392,5
20100,SUBMISSION,,VOLCANIC_ROCK,SEASHELLS,10145,5
20100,,SUBMISSION,VOLCANIC_ROCK,SEASHELLS,10144,4
20100,SUBMISSION,,VOLCANIC_ROCK_VOUCHER_10000,SEASHELLS,166,5
20100,,SUBMISSION,VOLCANIC_ROCK_VOUCHER_10500,SEASHELLS,2,5
20200,SUBMISSION,,VOLCANIC_ROCK,SEASHELLS,10144,5
20200,SUBMISSION,,VOLCANIC_ROCK,SEASHELLS,10144,4
20200,,SUBMISSION,VOLCANIC_ROCK_VOUCHER_10000,SEASHELLS,165,5
20200,SUBMISSION,,VOLCANIC_ROCK_VOUCHER_10500,SEASHELLS,3,5
20200,,SUBMISSION,VOLCANIC_ROCK_VOUCHER_9500,SEASHELLS,643,5
20300,SUBMISSION,,VOLCANIC_ROCK,SEASHELLS,10146,5
20300,,SUBMISSION,VOLCANIC_ROCK,SEASHELLS,10145,4
20300,SUBMISSION,,VOLCANIC_ROCK_VOUCHER_10000,SEASHELLS,168,5
20300,,SUBMISSION,VOLCANIC_ROCK_VOUCHER_10500,SEASHELLS,2,5
20400,SUBMISSION,,VOLCANIC_ROCK,SEASHELLS,10146,1
20400,,SUBMISSION,VOLCANIC_ROCK_VOUCHER_10250,SEASHELLS,30,5
20400,SUBMISSION,,VOLCANIC_ROCK_VOUCHER_10500,SEASHELLS,3,5
20500,SUBMISSION,,VOLCANIC_ROCK,SEASHELLS,10146,5
20500,,SUBMISSION,VOLCANIC_ROCK,SEASHELLS,10145,4
20500,,SUBMISSION,VOLCANIC_ROCK,SEASHELLS,10145,1
20500,SUBMISSION,,VOLCANIC_ROCK_VOUCHER_10000,SEASHELLS,167,5
20500,SUBMISSION,,VOLCANIC_ROCK_VOUCHER_10250,SEASHELLS,31,5
20500,,SUBMISSION,VOLCANIC_ROCK_VOUCHER_10500,SEASHELLS,2,5
20600,SUBMISSION,,VOLCANIC_ROCK,SEASHELLS,10142,5
20600,,SUBMISSION,VOLCANIC_ROCK_VOUCHER_10500,SEASHELLS,2,5
20700,,SUBMISSION,VOLCANIC_ROCK,SEASHELLS,10142,4
20700,SUBMISSION,,VOLCANIC_ROCK_VOUCHER_10000,SEASHELLS,161,5
20800,SUBMISSION,,VOLCANIC_ROCK,SEASHELLS,10141,5
20800,,SUBMISSION,VOLCANIC_ROCK_VOUCHER_10500,SEASHELLS,2,5
20900,,SUBMISSION,VOLCANIC_ROCK,SEASHELLS,10141,5
20900,SUBMISSION,,VOLCANIC_ROCK,SEASHELLS,10142,5
20900,,SUBMISSION,VOLCANIC_ROCK,SEASHELLS,10141,4
20900,SUBMISSION,,VOLCANIC_ROCK_VOUCHER_10000,SEASHELLS,160,5
20900,,SUBMISSION,VOLCANIC_ROCK_VOUCHER_10500,SEASHELLS,2,5
20900,SUBMISSION,,VOLCANIC_ROCK_VOUCHER_9500,SEASHELLS,642,5
21100,SUBMISSION,,VOLCANIC_ROCK_VOUCHER_10500,SEASHELLS,3,5
21200,SUBMISSION,,VOLCANIC_ROCK,SEASHELLS,10145,5
21200,SUBMISSION,,VOLCANIC_ROCK,SEASHELLS,10145,4
21200,,SUBMISSION,VOLCANIC_ROCK_VOUCHER_10000,SEASHELLS,167,5
21200,SUBMISSION,,VOLCANIC_ROCK_VOUCHER_10500,SEASHELLS,3,5
21200,,SUBMISSION,VOLCANIC_ROCK_VOUCHER_9500,SEASHELLS,644,5
21300,SUBMISSION,,VOLCANIC_ROCK,SEASHELLS,10145,5
21300,,SUBMISSION,VOLCANIC_ROCK,SEASHELLS,10144,4
21300,SUBMISSION,,VOLCANIC_ROCK_VOUCHER_10000,SEASHELLS,166,5
21300,,SUBMISSION,VOLCANIC_ROCK_VOUCHER_10500,SEASHELLS,2,5
21400,SUBMISSION,,VOLCANIC_ROCK,SEASHELLS,10148,1
21400,,SUBMISSION,VOLCANIC_ROCK_VOUCHER_10250,SEASHELLS,30,5
21400,SUBMISSION,,VOLCANIC_ROCK_VOUCHER_10500,SEASHELLS,3,5
21500,,SUBMISSION,VOLCANIC_ROCK,SEASHELLS,10146,5
21500,SUBMISSION,,VOLCANIC_ROCK,SEASHELLS,10147,5
21500,,SUBMISSION,VOLCANIC_ROCK,SEASHELLS,10146,4
21500,,SUBMISSION,VOLCANIC_ROCK,SEASHELLS,10146,1
21500,SUBMISSION,,VOLCANIC_ROCK_VOUCHER_10000,SEASHELLS,165,5
21500,SUBMISSION,,VOLCANIC_ROCK_VOUCHER_10250,SEASHELLS,31,5
21500,,SUBMISSION,VOLCANIC_ROCK_VOUCHER_10500,SEASHELLS,2,5
21500,SUBMISSION,,VOLCANIC_ROCK_VOUCHER_9500,SEASHELLS,647,5
21600,SUBMISSION,,VOLCANIC_ROCK,SEASHELLS,10150,4
21600,,SUBMISSION,VOLCANIC_ROCK_VOUCHER_10000,SEASHELLS,171,5
21700,SUBMISSION,,VOLCANIC_ROCK,SEASHELLS,10149,5
21700,,SUBMISSION,VOLCANIC_ROCK,SEASHELLS,10147,5
21700,SUBMISSION,,VOLCANIC_ROCK,SEASHELLS,10149,4
21700,SUBMISSION,,VOLCANIC_ROCK_VOUCHER_10500,SEASHELLS,3,5
21700,,SUBMISSION,VOLCANIC_ROCK_VOUCHER_9500,SEASHELLS,648,5
21700,SUBMISSION,,VOLCANIC_ROCK_VOUCHER_9750,SEASHELLS,400,5
21800,SUBMISSION,,VOLCANIC_ROCK,SEASHELLS,10142,5
21800,,SUBMISSION,VOLCANIC_ROCK,SEASHELLS,10141,4
21800,SUBMISSION,,VOLCANIC_ROCK_VOUCHER_10000,SEASHELLS,163,5
21800,,SUBMISSION,VOLCANIC_ROCK_VOUCHER_10500,SEASHELLS,2,5
21800,,SUBMISSION,VOLCANIC_ROCK_VOUCHER_9750,SEASHELLS,393,5
21900,,SUBMISSION,VOLCANIC_ROCK,SEASHELLS,10144,5
21900,SUBMISSION,,VOLCANIC_ROCK,SEASHELLS,10145,5
21900,,SUBMISSION,VOLCANIC_ROCK,SEASHELLS,10144,4
21900,SUBMISSION,,VOLCANIC_ROCK_VOUCHER_10000,SEASHELLS,164,5
21900,,SUBMISSION,VOLCANIC_ROCK_VOUCHER_10500,SEASHELLS,2,5
21900,SUBMISSION,,VOLCANIC_ROCK_VOUCHER_9500,SEASHELLS,645,5
22100,SUBMISSION,,VOLCANIC_ROCK,SEASHELLS,10141,5
22100,,SUBMISSION,VOLCANIC_ROCK_VOUCHER_10500,SEASHELLS,2,5
22200,,SUBMISSION,VOLCANIC_ROCK,SEASHELLS,10140,5
22200,SUBMISSION,,VOLCANIC_ROCK,SEASHELLS,10141,5
22200,,SUBMISSION,VOLCANIC_ROCK,SEASHELLS,10140,4
22200,SUBMISSION,,VOLCANIC_ROCK_VOUCHER_10000,SEASHELLS,159,5
22200,,SUBMISSION,VOLCANIC_ROCK_VOUCHER_10500,SEASHELLS,2,5
22200,SUBMISSION,,VOLCANIC_ROCK_VOUCHER_9500,SEASHELLS,641,5
22300,SUBMISSION,,VOLCANIC_ROCK,SEASHELLS,10137,4
22300,,SUBMISSION,VOLCANIC_ROCK_VOUCHER_10000,SEASHELLS,162,5
22300,SUBMISSION,,VOLCANIC_ROCK_VOUCHER_10500,SEASHELLS,3,5
22400,,SUBMISSION,VOLCANIC_ROCK,SEASHELLS,10137,5
22400,SUBMISSION,,VOLCANIC_ROCK,SEASHELLS,10138,5
22400,,SUBMISSION,VOLCANIC_ROCK,SEASHELLS,10137,4
22400,SUBMISSION,,VOLCANIC_ROCK_VOUCHER_10000,SEASHELLS,158,5
22400,,SUBMISSION,VOLCANIC_ROCK_VOUCHER_10500,SEASHELLS,2,5
22400,SUBMISSION,,VOLCANIC_ROCK_VOUCHER_9500,SEASHELLS,638,5
22500,,SUBMISSION,VOLCANIC_ROCK,SEASHELLS,10138,5
22500,SUBMISSION,,VOLCANIC_ROCK,SEASHELLS,10139,5
22500,,SUBMISSION,VOLCANIC_ROCK,SEASHELLS,10138,4
22500,SUBMISSION,,VOLCANIC_ROCK_VOUCHER_10000,SEASHELLS,158,5
22500,,SUBMISSION,VOLCANIC_ROCK_VOUCHER_10500,SEASHELLS,2,5
22500,SUBMISSION,,VOLCANIC_ROCK_VOUCHER_9500,SEASHELLS,639,5
22600,SUBMISSION,,VOLCANIC_ROCK,SEASHELLS,10139,5
22600,,SUBMISSION,VOLCANIC_ROCK,SEASHELLS,10138,4
22600,SUBMISSION,,VOLCANIC_ROCK_VOUCHER_10000,SEASHELLS,161,5
22600,,SUBMISSION,VOLCANIC_ROCK_VOUCHER_10500,SEASHELLS,2,5
22700,SUBMISSION,,VOLCANIC_ROCK,SEASHELLS,10143,5
22700,SUBMISSION,,VOLCANIC_ROCK,SEASHELLS,10143,4
22700,SUBMISSION,,VOLCANIC_ROCK,SEASHELLS,10143,1
22700,,SUBMISSION,VOLCANIC_ROCK_VOUCHER_10000,SEASHELLS,163,5
22700,,SUBMISSION,VOLCANIC_ROCK_VOUCHER_10250,SEASHELLS,29,5
22700,SUBMISSION,,VOLCANIC_ROCK_VOUCHER_10500,SEASHELLS,3,5
22700,,SUBMISSION,VOLCANIC_ROCK_VOUCHER_9500,SEASHELLS,642,5
22800,SUBMISSION,,VOLCANIC_ROCK_VOUCHER_10500,SEASHELLS,3,5
22900,,SUBMISSION,VOLCANIC_ROCK,SEASHELLS,10141,1
22900,SUBMISSION,,VOLCANIC_ROCK_VOUCHER_10250,SEASHELLS,30,5
23000,SUBMISSION,,VOLCANIC_ROCK,SEASHELLS,10142,1
23000,,SUBMISSION,VOLCANIC_ROCK_VOUCHER_10250,SEASHELLS,29,5
23000,SUBMISSION,,VOLCANIC_ROCK_VOUCHER_10500,SEASHELLS,3,5
23100,SUBMISSION,,VOLCANIC_ROCK_VOUCHER_10500,SEASHELLS,3,5
23200,SUBMISSION,,VOLCANIC_ROCK,SEASHELLS,10146,5
23200,,SUBMISSION,VOLCANIC_ROCK,SEASHELLS,10144,5
23200,SUBMISSION,,VOLCANIC_ROCK,SEASHELLS,10146,4
23200,,SUBMISSION,VOLCANIC_ROCK_VOUCHER_10000,SEASHELLS,168,5
23200,SUBMISSION,,VOLCANIC_ROCK_VOUCHER_10500,SEASHELLS,3,5
23200,,SUBMISSION,VOLCANIC_ROCK_VOUCHER_9500,SEASHELLS,645,5
23200,SUBMISSION,,VOLCANIC_ROCK_VOUCHER_9750,SEASHELLS,397,5
23300,SUBMISSION,,VOLCANIC_ROCK,SEASHELLS,10146,1
23300,,SUBMISSION,VOLCANIC_ROCK_VOUCHER_10250,SEASHELLS,30,5
23300,SUBMISSION,,VOLCANIC_ROCK_VOUCHER_10500,SEASHELLS,3,5
23400,SUBMISSION,,VOLCANIC_ROCK,SEASHELLS,10146,1
23400,,SUBMISSION,VOLCANIC_ROCK_VOUCHER_10250,SEASHELLS,30,5
23400,SUBMISSION,,VOLCANIC_ROCK_VOUCHER_10500,SEASHELLS,3,5
23500,SUBMISSION,,VOLCANIC_ROCK,SEASHELLS,10143,1
23500,,SUBMISSION,VOLCANIC_ROCK_VOUCHER_10250,SEASHELLS,29,5
23500,SUBMISSION,,VOLCANIC_ROCK_VOUCHER_10500,SEASHELLS,3,5
23600,,SUBMISSION,VOLCANIC_ROCK,SEASHELLS,10144,5
23600,SUBMISSION,,VOLCANIC_ROCK,SEASHELLS,10145,5
23600,,SUBMISSION,VOLCANIC_ROCK,SEASHELLS,10144,4
23600,,SUBMISSION,VOLCANIC_ROCK,SEASHELLS,10144,1
23600,SUBMISSION,,VOLCANIC_ROCK_VOUCHER_10000,SEASHELLS,164,5
23600,SUBMISSION,,VOLCANIC_ROCK_VOUCHER_10250,SEASHELLS,30,5
23600,,SUBMISSION,VOLCANIC_ROCK_VOUCHER_10500,SEASHELLS,2,5
23600,SUBMISSION,,VOLCANIC_ROCK_VOUCHER_9500,SEASHELLS,645,5
23600,,SUBMISSION,VOLCANIC_ROCK_VOUCHER_9750,SEASHELLS,396,5
23800,SUBMISSION,,VOLCANIC_ROCK,SEASHELLS,10144,1
23800,,SUBMISSION,VOLCANIC_ROCK_VOUCHER_10250,SEASHELLS,29,5
23800,SUBMISSION,,VOLCANIC_ROCK_VOUCHER_10500,SEASHELLS,3,5
23900,SUBMISSION,,VOLCANIC_ROCK,SEASHELLS,10140,1
23900,,SUBMISSION,VOLCANIC_ROCK_VOUCHER_10250,SEASHELLS,28,5
23900,SUBMISSION,,VOLCANIC_ROCK_VOUCHER_10500,SEASHELLS,3,5
24000,SUBMISSION,,VOLCANIC_ROCK,SEASHELLS,10144,5
24000,,SUBMISSION,VOLCANIC_ROCK,SEASHELLS,10143,4
24000,,SUBMISSION,VOLCANIC_ROCK,SEASHELLS,10143,1
24000,SUBMISSION,,VOLCANIC_ROCK_VOUCHER_10000,SEASHELLS,166,5
24000,SUBMISSION,,VOLCANIC_ROCK_VOUCHER_10250,SEASHELLS,30,5
24000,,SUBMISSION,VOLCANIC_ROCK_VOUCHER_10500,SEASHELLS,2,5
24100,SUBMISSION,,VOLCANIC_ROCK,SEASHELLS,10144,1
24100,,SUBMISSION,VOLCANIC_ROCK_VOUCHER_10250,SEASHELLS,29,5
24100,SUBMISSION,,VOLCANIC_ROCK_VOUCHER_10500,SEASHELLS,3,5
24200,SUBMISSION,,VOLCANIC_ROCK,SEASHELLS,10146,5
24200,SUBMISSION,,VOLCANIC_ROCK,SEASHELLS,10146,4
24200,SUBMISSION,,VOLCANIC_ROCK,SEASHELLS,10146,1
24200,,SUBMISSION,VOLCANIC_ROCK_VOUCHER_10000,SEASHELLS,166,5
24200,,SUBMISSION,VOLCANIC_ROCK_VOUCHER_10250,SEASHELLS,30,5
24200,SUBMISSION,,VOLCANIC_ROCK_VOUCHER_10500,SEASHELLS,3,5
24200,,SUBMISSION,VOLCANIC_ROCK_VOUCHER_9500,SEASHELLS,645,5
24300,SUBMISSION,,VOLCANIC_ROCK,SEASHELLS,10142,1
24300,,SUBMISSION,VOLCANIC_ROCK_VOUCHER_10250,SEASHELLS,28,5
24300,SUBMISSION,,VOLCANIC_ROCK_VOUCHER_10500,SEASHELLS,3,5
24400,SUBMISSION,,VOLCANIC_ROCK,SEASHELLS,10143,5
24400,,SUBMISSION,VOLCANIC_ROCK,SEASHELLS,10142,4
24400,,SUBMISSION,VOLCANIC_ROCK,SEASHELLS,10142,1
24400,SUBMISSION,,VOLCANIC_ROCK_VOUCHER_10000,SEASHELLS,165,5
24400,SUBMISSION,,VOLCANIC_ROCK_VOUCHER_10250,SEASHELLS,30,5
24400,,SUBMISSION,VOLCANIC_ROCK_VOUCHER_10500,SEASHELLS,2,5
24500,,SUBMISSION,VOLCANIC_ROCK,SEASHELLS,10148,1
24500,SUBMISSION,,VOLCANIC_ROCK_VOUCHER_10250,SEASHELLS,31,3
24600,,SUBMISSION,VOLCANIC_ROCK,SEASHELLS,10147,5
24600,SUBMISSION,,VOLCANIC_ROCK_VOUCHER_10500,SEASHELLS,3,5
24600,SUBMISSION,,VOLCANIC_ROCK_VOUCHER_9750,SEASHELLS,399,5
24700,SUBMISSION,,VOLCANIC_ROCK,SEASHELLS,10146,5
24700,,SUBMISSION,VOLCANIC_ROCK,SEASHELLS,10145,4
24700,,SUBMISSION,VOLCANIC_ROCK,SEASHELLS,10145,1
24700,SUBMISSION,,VOLCANIC_ROCK_VOUCHER_10000,SEASHELLS,167,5
24700,SUBMISSION,,VOLCANIC_ROCK_VOUCHER_10250,SEASHELLS,31,5
24700,,SUBMISSION,VOLCANIC_ROCK_VOUCHER_10500,SEASHELLS,2,5
24700,,SUBMISSION,VOLCANIC_ROCK_VOUCHER_9750,SEASHELLS,397,5
24900,SUBMISSION,,VOLCANIC_ROCK,SEASHELLS,10143,5
24900,,SUBMISSION,VOLCANIC_ROCK,SEASHELLS,10142,5
24900,SUBMISSION,,VOLCANIC_ROCK,SEASHELLS,10143,4
24900,SUBMISSION,,VOLCANIC_ROCK,SEASHELLS,10143,1
24900,,SUBMISSION,VOLCANIC_ROCK_VOUCHER_10000,SEASHELLS,162,5
24900,,SUBMISSION,VOLCANIC_ROCK_VOUCHER_10250,SEASHELLS,29,5
24900,SUBMISSION,,VOLCANIC_ROCK_VOUCHER_10500,SEASHELLS,3,5
24900,,SUBMISSION,VOLCANIC_ROCK_VOUCHER_9500,SEASHELLS,642,5
24900,SUBMISSION,,VOLCANIC_ROCK_VOUCHER_9750,SEASHELLS,394,5
24900,,SUBMISSION,VOLCANIC_ROCK_VOUCHER_9750,SEASHELLS,394,14
25000,,SUBMISSION,VOLCANIC_ROCK,SEASHELLS,10142,5
25000,SUBMISSION,,VOLCANIC_ROCK,SEASHELLS,10143,5
25000,,SUBMISSION,VOLCANIC_ROCK,SEASHELLS,10142,4
25000,,SUBMISSION,VOLCANIC_ROCK,SEASHELLS,10142,1
25000,SUBMISSION,,VOLCANIC_ROCK_VOUCHER_10000,SEASHELLS,162,5
25000,SUBMISSION,,VOLCANIC_ROCK_VOUCHER_10250,SEASHELLS,30,5
25000,,SUBMISSION,VOLCANIC_ROCK_VOUCHER_10500,SEASHELLS,2,5
25000,SUBMISSION,,VOLCANIC_ROCK_VOUCHER_9500,SEASHELLS,643,5
25100,SUBMISSION,,VOLCANIC_ROCK,SEASHELLS,10143,1
25100,,SUBMISSION,VOLCANIC_ROCK,SEASHELLS,10142,4
25100,,SUBMISSION,VOLCANIC_ROCK,SEASHELLS,10142,1
25100,SUBMISSION,,VOLCANIC_ROCK_VOUCHER_10000,SEASHELLS,164,5
25100,SUBMISSION,,VOLCANIC_ROCK_VOUCHER_10250,SEASHELLS,30,5
25100,,SUBMISSION,VOLCANIC_ROCK_VOUCHER_10500,SEASHELLS,2,0
25100,,SUBMISSION,VOLCANIC_ROCK_VOUCHER_10500,SEASHELLS,2,1
25200,SUBMISSION,,VOLCANIC_ROCK,SEASHELLS,10146,5
25200,SUBMISSION,,VOLCANIC_ROCK,SEASHELLS,10146,1
25200,,SUBMISSION,VOLCANIC_ROCK_VOUCHER_10250,SEASHELLS,30,5
25200,SUBMISSION,,VOLCANIC_ROCK_VOUCHER_10500,SEASHELLS,3,5
25200,,SUBMISSION,VOLCANIC_ROCK_VOUCHER_9500,SEASHELLS,645,5
25300,SUBMISSION,,VOLCANIC_ROCK,SEASHELLS,10149,1
25300,,SUBMISSION,VOLCANIC_ROCK_VOUCHER_10250,SEASHELLS,30,5
25300,SUBMISSION,,VOLCANIC_ROCK_VOUCHER_10500,SEASHELLS,3,5
25500,,SUBMISSION,VOLCANIC_ROCK,SEASHELLS,10147,1
25500,SUBMISSION,,VOLCANIC_ROCK_VOUCHER_10250,SEASHELLS,31,5
25600,SUBMISSION,,VOLCANIC_ROCK,SEASHELLS,10149,2
25600,,SUBMISSION,VOLCANIC_ROCK,SEASHELLS,10148,4
25600,,SUBMISSION,VOLCANIC_ROCK,SEASHELLS,10148,1
25600,SUBMISSION,,VOLCANIC_ROCK_VOUCHER_10000,SEASHELLS,169,5
25600,SUBMISSION,,VOLCANIC_ROCK_VOUCHER_10250,SEASHELLS,32,5
25600,,SUBMISSION,VOLCANIC_ROCK_VOUCHER_10500,SEASHELLS,2,2
25700,SUBMISSION,,VOLCANIC_ROCK,SEASHELLS,10148,5
25700,,SUBMISSION,VOLCANIC_ROCK,SEASHELLS,10147,4
25700,,SUBMISSION,VOLCANIC_ROCK,SEASHELLS,10147,1
25700,SUBMISSION,,VOLCANIC_ROCK_VOUCHER_10000,SEASHELLS,170,5
25700,SUBMISSION,,VOLCANIC_ROCK_VOUCHER_10250,SEASHELLS,31,5
25700,,SUBMISSION,VOLCANIC_ROCK_VOUCHER_10500,SEASHELLS,2,5
25900,SUBMISSION,,VOLCANIC_ROCK_VOUCHER_10500,SEASHELLS,3,5
26000,SUBMISSION,,VOLCANIC_ROCK,SEASHELLS,10147,1
26000,,SUBMISSION,VOLCANIC_ROCK_VOUCHER_10250,SEASHELLS,30,5
26000,SUBMISSION,,VOLCANIC_ROCK_VOUCHER_10500,SEASHELLS,3,5
26100,SUBMISSION,,VOLCANIC_ROCK,SEASHELLS,10144,5
26100,SUBMISSION,,VOLCANIC_ROCK,SEASHELLS,10144,4
26100,,SUBMISSION,VOLCANIC_ROCK_VOUCHER_10000,SEASHELLS,164,5
26100,SUBMISSION,,VOLCANIC_ROCK_VOUCHER_10500,SEASHELLS,3,5
26100,,SUBMISSION,VOLCANIC_ROCK_VOUCHER_9500,SEASHELLS,643,5
26200,,SUBMISSION,VOLCANIC_ROCK,SEASHELLS,10139,5
26200,SUBMISSION,,VOLCANIC_ROCK,SEASHELLS,10140,5
26200,,SUBMISSION,VOLCANIC_ROCK,SEASHELLS,10139,4
26200,,SUBMISSION,VOLCANIC_ROCK,SEASHELLS,10139,1
26200,SUBMISSION,,VOLCANIC_ROCK_VOUCHER_10000,SEASHELLS,160,5
26200,SUBMISSION,,VOLCANIC_ROCK_VOUCHER_10250,SEASHELLS,29,5
26200,,SUBMISSION,VOLCANIC_ROCK_VOUCHER_10500,SEASHELLS,2,5
26200,SUBMISSION,,VOLCANIC_ROCK_VOUCHER_9500,SEASHELLS,640,5
26300,,SUBMISSION,VOLCANIC_ROCK,SEASHELLS,10142,1
26300,SUBMISSION,,VOLCANIC_ROCK_VOUCHER_10250,SEASHELLS,30,5
26400,SUBMISSION,,VOLCANIC_ROCK,SEASHELLS,10142,5
26400,SUBMISSION,,VOLCANIC_ROCK,SEASHELLS,10142,1
26400,,SUBMISSION,VOLCANIC_ROCK_VOUCHER_10250,SEASHELLS,29,5
26400,SUBMISSION,,VOLCANIC_ROCK_VOUCHER_10500,SEASHELLS,3,5
26400,,SUBMISSION,VOLCANIC_ROCK_VOUCHER_9500,SEASHELLS,641,5
26500,SUBMISSION,,VOLCANIC_ROCK,SEASHELLS,10140,5
26500,,SUBMISSION,VOLCANIC_ROCK,SEASHELLS,10139,4
26500,,SUBMISSION,VOLCANIC_ROCK,SEASHELLS,10139,1
26500,SUBMISSION,,VOLCANIC_ROCK_VOUCHER_10000,SEASHELLS,161,5
26500,SUBMISSION,,VOLCANIC_ROCK_VOUCHER_10250,SEASHELLS,29,5
26500,,SUBMISSION,VOLCANIC_ROCK_VOUCHER_10500,SEASHELLS,2,5
26600,SUBMISSION,,VOLCANIC_ROCK,SEASHELLS,10138,5
26600,,SUBMISSION,VOLCANIC_ROCK,SEASHELLS,10137,1
26600,,SUBMISSION,VOLCANIC_ROCK,SEASHELLS,10137,1
26600,SUBMISSION,,VOLCANIC_ROCK_VOUCHER_10000,SEASHELLS,159,1
26600,SUBMISSION,,VOLCANIC_ROCK_VOUCHER_10250,SEASHELLS,29,5
26600,,SUBMISSION,VOLCANIC_ROCK_VOUCHER_10500,SEASHELLS,2,5
26700,SUBMISSION,,VOLCANIC_ROCK,SEASHELLS,10135,5
26700,,SUBMISSION,VOLCANIC_ROCK,SEASHELLS,10134,1
26700,SUBMISSION,,VOLCANIC_ROCK_VOUCHER_10250,SEASHELLS,28,2
26700,,SUBMISSION,VOLCANIC_ROCK_VOUCHER_10500,SEASHELLS,2,5
26800,SUBMISSION,,VOLCANIC_ROCK_VOUCHER_10500,SEASHELLS,3,5
26900,SUBMISSION,,VOLCANIC_ROCK,SEASHELLS,10136,5
26900,,SUBMISSION,VOLCANIC_ROCK_VOUCHER_10500,SEASHELLS,2,5
27000,SUBMISSION,,VOLCANIC_ROCK,SEASHELLS,10139,5
27200,SUBMISSION,,VOLCANIC_ROCK_VOUCHER_10500,SEASHELLS,3,5
27300,SUBMISSION,,VOLCANIC_ROCK,SEASHELLS,10139,1
27300,,SUBMISSION,VOLCANIC_ROCK_VOUCHER_10250,SEASHELLS,28,5
27300,SUBMISSION,,VOLCANIC_ROCK_VOUCHER_10500,SEASHELLS,3,5
27400,SUBMISSION,,VOLCANIC_ROCK,SEASHELLS,10143,5
27400,,SUBMISSION,VOLCANIC_ROCK,SEASHELLS,10142,1
27400,SUBMISSION,,VOLCANIC_ROCK_VOUCHER_10250,SEASHELLS,30,5
27400,,SUBMISSION,VOLCANIC_ROCK_VOUCHER_10500,SEASHELLS,2,5
27600,SUBMISSION,,VOLCANIC_ROCK,SEASHELLS,10143,1
27600,,SUBMISSION,VOLCANIC_ROCK_VOUCHER_10250,SEASHELLS,29,5
27600,SUBMISSION,,VOLCANIC_ROCK_VOUCHER_10500,SEASHELLS,3,5
27700,SUBMISSION,,VOLCANIC_ROCK,SEASHELLS,10145,1
27700,,SUBMISSION,VOLCANIC_ROCK_VOUCHER_10250,SEASHELLS,29,5
27700,SUBMISSION,,VOLCANIC_ROCK_VOUCHER_10500,SEASHELLS,3,5
27800,,SUBMISSION,VOLCANIC_ROCK,SEASHELLS,10143,5
27800,SUBMISSION,,VOLCANIC_ROCK,SEASHELLS,10144,5
27800,,SUBMISSION,VOLCANIC_ROCK,SEASHELLS,10143,1
27800,SUBMISSION,,VOLCANIC_ROCK_VOUCHER_10250,SEASHELLS,30,5
27800,,SUBMISSION,VOLCANIC_ROCK_VOUCHER_10500,SEASHELLS,2,5
27800,SUBMISSION,,VOLCANIC_ROCK_VOUCHER_9500,SEASHELLS,644,5
27900,SUBMISSION,,VOLCANIC_ROCK,SEASHELLS,10146,1
27900,,SUBMISSION,VOLCANIC_ROCK_VOUCHER_10250,SEASHELLS,30,5
27900,SUBMISSION,,VOLCANIC_ROCK_VOUCHER_10500,SEASHELLS,3,5
28000,,SUBMISSION,VOLCANIC_ROCK,SEASHELLS,10143,5
28000,SUBMISSION,,VOLCANIC_ROCK,SEASHELLS,10144,5
28000,,SUBMISSION,VOLCANIC_ROCK,SEASHELLS,10143,1
28000,SUBMISSION,,VOLCANIC_ROCK_VOUCHER_10250,SEASHELLS,30,5
28000,,SUBMISSION,VOLCANIC_ROCK_VOUCHER_10500,SEASHELLS,2,5
28000,SUBMISSION,,VOLCANIC_ROCK_VOUCHER_9500,SEASHELLS,644,5
28100,,SUBMISSION,VOLCANIC_ROCK,SEASHELLS,10144,5
28100,SUBMISSION,,VOLCANIC_ROCK,SEASHELLS,10145,5
28100,,SUBMISSION,VOLCANIC_ROCK,SEASHELLS,10144,1
28100,SUBMISSION,,VOLCANIC_ROCK_VOUCHER_10250,SEASHELLS,30,5
28100,,SUBMISSION,VOLCANIC_ROCK_VOUCHER_10500,SEASHELLS,2,5
28100,SUBMISSION,,VOLCANIC_ROCK_VOUCHER_9500,SEASHELLS,645,5
28200,SUBMISSION,,VOLCANIC_ROCK,SEASHELLS,10149,5
28200,,SUBMISSION,VOLCANIC_ROCK_VOUCHER_10500,SEASHELLS,2,5
28300,SUBMISSION,,VOLCANIC_ROCK,SEASHELLS,10151,1
28300,,SUBMISSION,VOLCANIC_ROCK_VOUCHER_10250,SEASHELLS,31,5
28300,SUBMISSION,,VOLCANIC_ROCK_VOUCHER_10500,SEASHELLS,3,5
28400,SUBMISSION,,VOLCANIC_ROCK,SEASHELLS,10153,1
28400,,SUBMISSION,VOLCANIC_ROCK_VOUCHER_10250,SEASHELLS,32,5
28400,SUBMISSION,,VOLCANIC_ROCK_VOUCHER_10500,SEASHELLS,4,5
28500,SUBMISSION,,VOLCANIC_ROCK_VOUCHER_10500,SEASHELLS,4,5
28600,SUBMISSION,,VOLCANIC_ROCK,SEASHELLS,10156,4
28600,SUBMISSION,,VOLCANIC_ROCK_VOUCHER_10500,SEASHELLS,4,5
28700,SUBMISSION,,VOLCANIC_ROCK,SEASHELLS,10155,1
28700,,SUBMISSION,VOLCANIC_ROCK_VOUCHER_10250,SEASHELLS,32,5
28700,SUBMISSION,,VOLCANIC_ROCK_VOUCHER_10500,SEASHELLS,4,5
28800,SUBMISSION,,VOLCANIC_ROCK_VOUCHER_10500,SEASHELLS,4,5
28900,,SUBMISSION,VOLCANIC_ROCK,SEASHELLS,10154,5
28900,SUBMISSION,,VOLCANIC_ROCK,SEASHELLS,10155,5
28900,,SUBMISSION,VOLCANIC_ROCK,SEASHELLS,10154,1
28900,SUBMISSION,,VOLCANIC_ROCK_VOUCHER_10250,SEASHELLS,33,5
28900,,SUBMISSION,VOLCANIC_ROCK_VOUCHER_10500,SEASHELLS,3,5
28900,SUBMISSION,,VOLCANIC_ROCK_VOUCHER_9500,SEASHELLS,655,5
29000,SUBMISSION,,VOLCANIC_ROCK,SEASHELLS,10158,2
29000,,SUBMISSION,VOLCANIC_ROCK_VOUCHER_10250,SEASHELLS,33,5
29000,SUBMISSION,,VOLCANIC_ROCK_VOUCHER_10500,SEASHELLS,4,5
29100,SUBMISSION,,VOLCANIC_ROCK_VOUCHER_10500,SEASHELLS,4,5
29200,SUBMISSION,,VOLCANIC_ROCK_VOUCHER_10500,SEASHELLS,4,5
29300,SUBMISSION,,VOLCANIC_ROCK,SEASHELLS,10157,5
29300,,SUBMISSION,VOLCANIC_ROCK,SEASHELLS,10155,1
29300,SUBMISSION,,VOLCANIC_ROCK_VOUCHER_10250,SEASHELLS,33,5
29300,,SUBMISSION,VOLCANIC_ROCK_VOUCHER_10500,SEASHELLS,3,5
29400,SUBMISSION,,VOLCANIC_ROCK,SEASHELLS,10160,5
29400,,SUBMISSION,VOLCANIC_ROCK,SEASHELLS,10159,5
29400,SUBMISSION,,VOLCANIC_ROCK,SEASHELLS,10160,4
29400,SUBMISSION,,VOLCANIC_ROCK,SEASHELLS,10160,2
29400,,SUBMISSION,VOLCANIC_ROCK_VOUCHER_10250,SEASHELLS,34,5
29400,SUBMISSION,,VOLCANIC_ROCK_VOUCHER_10500,SEASHELLS,4,5
29400,,SUBMISSION,VOLCANIC_ROCK_VOUCHER_9500,SEASHELLS,660,5
29500,,SUBMISSION,VOLCANIC_ROCK,SEASHELLS,10156,2
29500,SUBMISSION,,VOLCANIC_ROCK_VOUCHER_10250,SEASHELLS,34,5
29500,,SUBMISSION,VOLCANIC_ROCK_VOUCHER_10500,SEASHELLS,3,5
29600,SUBMISSION,,VOLCANIC_ROCK,SEASHELLS,10155,4
29700,SUBMISSION,,VOLCANIC_ROCK,SEASHELLS,10156,4
29700,SUBMISSION,,VOLCANIC_ROCK_VOUCHER_10500,SEASHELLS,4,5
29900,SUBMISSION,,VOLCANIC_ROCK,SEASHELLS,10158,4
29900,SUBMISSION,,VOLCANIC_ROCK_VOUCHER_10500,SEASHELLS,4,5
30000,SUBMISSION,,VOLCANIC_ROCK,SEASHELLS,10156,4
30000,SUBMISSION,,VOLCANIC_ROCK_VOUCHER_10500,SEASHELLS,4,5
30100,,SUBMISSION,VOLCANIC_ROCK,SEASHELLS,10153,5
30100,SUBMISSION,,VOLCANIC_ROCK,SEASHELLS,10154,5
30100,,SUBMISSION,VOLCANIC_ROCK,SEASHELLS,10153,1
30100,SUBMISSION,,VOLCANIC_ROCK_VOUCHER_10250,SEASHELLS,33,5
30100,,SUBMISSION,VOLCANIC_ROCK_VOUCHER_10500,SEASHELLS,3,5
30100,SUBMISSION,,VOLCANIC_ROCK_VOUCHER_9500,SEASHELLS,654,5
30200,SUBMISSION,,VOLCANIC_ROCK,SEASHELLS,10153,4
30200,,SUBMISSION,VOLCANIC_ROCK_VOUCHER_10000,SEASHELLS,173,5
30200,SUBMISSION,,VOLCANIC_ROCK_VOUCHER_10500,SEASHELLS,4,5
30300,,SUBMISSION,VOLCANIC_ROCK,SEASHELLS,10146,5
30300,SUBMISSION,,VOLCANIC_ROCK,SEASHELLS,10147,5
30300,,SUBMISSION,VOLCANIC_ROCK,SEASHELLS,10146,4
30300,,SUBMISSION,VOLCANIC_ROCK,SEASHELLS,10146,1
30300,SUBMISSION,,VOLCANIC_ROCK_VOUCHER_10000,SEASHELLS,166,5
30300,SUBMISSION,,VOLCANIC_ROCK_VOUCHER_10250,SEASHELLS,31,5
30300,,SUBMISSION,VOLCANIC_ROCK_VOUCHER_10500,SEASHELLS,2,5
30300,SUBMISSION,,VOLCANIC_ROCK_VOUCHER_9500,SEASHELLS,647,5
30400,SUBMISSION,,VOLCANIC_ROCK_VOUCHER_10500,SEASHELLS,3,5
30500,SUBMISSION,,VOLCANIC_ROCK,SEASHELLS,10145,1
30500,,SUBMISSION,VOLCANIC_ROCK_VOUCHER_10250,SEASHELLS,29,5
30500,SUBMISSION,,VOLCANIC_ROCK_VOUCHER_10500,SEASHELLS,3,5
30700,SUBMISSION,,VOLCANIC_ROCK,SEASHELLS,10149,5
30700,,SUBMISSION,VOLCANIC_ROCK,SEASHELLS,10148,5
30700,SUBMISSION,,VOLCANIC_ROCK,SEASHELLS,10149,4
30700,SUBMISSION,,VOLCANIC_ROCK,SEASHELLS,10149,1
30700,,SUBMISSION,VOLCANIC_ROCK_VOUCHER_10000,SEASHELLS,167,5
30700,,SUBMISSION,VOLCANIC_ROCK_VOUCHER_10250,SEASHELLS,30,5
30700,SUBMISSION,,VOLCANIC_ROCK_VOUCHER_10500,SEASHELLS,3,5
30700,,SUBMISSION,VOLCANIC_ROCK_VOUCHER_9500,SEASHELLS,649,5
31000,,SUBMISSION,VOLCANIC_ROCK,SEASHELLS,10143,5
31000,SUBMISSION,,VOLCANIC_ROCK,SEASHELLS,10144,4
31000,,SUBMISSION,VOLCANIC_ROCK,SEASHELLS,10143,4
31000,,SUBMISSION,VOLCANIC_ROCK,SEASHELLS,10143,1
31000,SUBMISSION,,VOLCANIC_ROCK_VOUCHER_10000,SEASHELLS,163,5
31000,SUBMISSION,,VOLCANIC_ROCK_VOUCHER_10250,SEASHELLS,30,5
31000,,SUBMISSION,VOLCANIC_ROCK_VOUCHER_10500,SEASHELLS,2,2
31000,,SUBMISSION,VOLCANIC_ROCK_VOUCHER_10500,SEASHELLS,2,2
31000,SUBMISSION,,VOLCANIC_ROCK_VOUCHER_9500,SEASHELLS,644,5
31300,SUBMISSION,,VOLCANIC_ROCK_VOUCHER_10500,SEASHELLS,3,5
31400,,SUBMISSION,VOLCANIC_ROCK,SEASHELLS,10139,1
31400,SUBMISSION,,VOLCANIC_ROCK_VOUCHER_10250,SEASHELLS,29,5
31500,SUBMISSION,,VOLCANIC_ROCK,SEASHELLS,10139,1
31500,,SUBMISSION,VOLCANIC_ROCK_VOUCHER_10250,SEASHELLS,28,5
31500,SUBMISSION,,VOLCANIC_ROCK_VOUCHER_10500,SEASHELLS,3,5
31600,SUBMISSION,,VOLCANIC_ROCK,SEASHELLS,10143,5
31600,SUBMISSION,,VOLCANIC_ROCK,SEASHELLS,10143,4
31600,,SUBMISSION,VOLCANIC_ROCK_VOUCHER_10000,SEASHELLS,164,5
31600,SUBMISSION,,VOLCANIC_ROCK_VOUCHER_10500,SEASHELLS,3,5
31600,,SUBMISSION,VOLCANIC_ROCK_VOUCHER_9500,SEASHELLS,642,5
31700,SUBMISSION,,VOLCANIC_ROCK,SEASHELLS,10144,5
31700,SUBMISSION,,VOLCANIC_ROCK,SEASHELLS,10144,4
31700,,SUBMISSION,VOLCANIC_ROCK_VOUCHER_10000,SEASHELLS,165,5
31700,SUBMISSION,,VOLCANIC_ROCK_VOUCHER_10500,SEASHELLS,3,5
31700,,SUBMISSION,VOLCANIC_ROCK_VOUCHER_9500,SEASHELLS,643,5
31800,,SUBMISSION,VOLCANIC_ROCK,SEASHELLS,10141,1
31800,SUBMISSION,,VOLCANIC_ROCK_VOUCHER_10250,SEASHELLS,30,5
31900,,SUBMISSION,VOLCANIC_ROCK,SEASHELLS,10140,5
31900,SUBMISSION,,VOLCANIC_ROCK,SEASHELLS,10141,5
31900,,SUBMISSION,VOLCANIC_ROCK,SEASHELLS,10140,4
31900,SUBMISSION,,VOLCANIC_ROCK_VOUCHER_10000,SEASHELLS,162,5
31900,,SUBMISSION,VOLCANIC_ROCK_VOUCHER_10500,SEASHELLS,2,5
31900,SUBMISSION,,VOLCANIC_ROCK_VOUCHER_9500,SEASHELLS,641,5
32000,,SUBMISSION,VOLCANIC_ROCK,SEASHELLS,10138,5
32000,SUBMISSION,,VOLCANIC_ROCK,SEASHELLS,10139,5
32000,,SUBMISSION,VOLCANIC_ROCK,SEASHELLS,10138,4
32000,SUBMISSION,,VOLCANIC_ROCK_VOUCHER_10000,SEASHELLS,159,5
32000,,SUBMISSION,VOLCANIC_ROCK_VOUCHER_10500,SEASHELLS,2,5
32000,SUBMISSION,,VOLCANIC_ROCK_VOUCHER_9500,SEASHELLS,639,5
32100,,SUBMISSION,VOLCANIC_ROCK,SEASHELLS,10137,1
32100,SUBMISSION,,VOLCANIC_ROCK_VOUCHER_9500,SEASHELLS,637,1
32200,SUBMISSION,,VOLCANIC_ROCK,SEASHELLS,10137,1
32200,,SUBMISSION,VOLCANIC_ROCK_VOUCHER_10250,SEASHELLS,27,5
32300,SUBMISSION,,VOLCANIC_ROCK_VOUCHER_10500,SEASHELLS,3,5
32400,SUBMISSION,,VOLCANIC_ROCK,SEASHELLS,10135,1
32400,,SUBMISSION,VOLCANIC_ROCK_VOUCHER_10250,SEASHELLS,27,5
32400,SUBMISSION,,VOLCANIC_ROCK_VOUCHER_10500,SEASHELLS,3,5
32500,SUBMISSION,,VOLCANIC_ROCK,SEASHELLS,10136,4
32500,,SUBMISSION,VOLCANIC_ROCK_VOUCHER_10000,SEASHELLS,160,5
32500,SUBMISSION,,VOLCANIC_ROCK_VOUCHER_10500,SEASHELLS,3,5
32700,SUBMISSION,,VOLCANIC_ROCK,SEASHELLS,10137,1
32700,,SUBMISSION,VOLCANIC_ROCK_VOUCHER_10250,SEASHELLS,28,5
32700,SUBMISSION,,VOLCANIC_ROCK_VOUCHER_10500,SEASHELLS,3,5
32800,SUBMISSION,,VOLCANIC_ROCK,SEASHELLS,10139,1
32800,,SUBMISSION,VOLCANIC_ROCK_VOUCHER_10250,SEASHELLS,28,5
32800,SUBMISSION,,VOLCANIC_ROCK_VOUCHER_10500,SEASHELLS,3,5
33000,SUBMISSION,,VOLCANIC_ROCK,SEASHELLS,10137,5
33000,,SUBMISSION,VOLCANIC_ROCK,SEASHELLS,10136,1
33000,SUBMISSION,,VOLCANIC_ROCK_VOUCHER_10250,SEASHELLS,28,5
33000,,SUBMISSION,VOLCANIC_ROCK_VOUCHER_10500,SEASHELLS,2,5
33100,SUBMISSION,,VOLCANIC_ROCK,SEASHELLS,10135,5
33100,,SUBMISSION,VOLCANIC_ROCK,SEASHELLS,10134,4
33100,,SUBMISSION,VOLCANIC_ROCK,SEASHELLS,10134,1
33100,SUBMISSION,,VOLCANIC_ROCK_VOUCHER_10000,SEASHELLS,159,5
33100,SUBMISSION,,VOLCANIC_ROCK_VOUCHER_10250,SEASHELLS,28,5
33100,,SUBMISSION,VOLCANIC_ROCK_VOUCHER_10500,SEASHELLS,2,5
33200,SUBMISSION,,VOLCANIC_ROCK,SEASHELLS,10135,1
33200,,SUBMISSION,VOLCANIC_ROCK_VOUCHER_10250,SEASHELLS,27,5
33200,SUBMISSION,,VOLCANIC_ROCK_VOUCHER_10500,SEASHELLS,3,5
33300,SUBMISSION,,VOLCANIC_ROCK,SEASHELLS,10135,1
33300,,SUBMISSION,VOLCANIC_ROCK_VOUCHER_10250,SEASHELLS,27,5
33300,SUBMISSION,,VOLCANIC_ROCK_VOUCHER_10500,SEASHELLS,3,5
33400,SUBMISSION,,VOLCANIC_ROCK,SEASHELLS,10135,5
33400,,SUBMISSION,VOLCANIC_ROCK,SEASHELLS,10133,5
33400,SUBMISSION,,VOLCANIC_ROCK,SEASHELLS,10135,4
33400,,SUBMISSION,VOLCANIC_ROCK_VOUCHER_10000,SEASHELLS,159,5
33400,SUBMISSION,,VOLCANIC_ROCK_VOUCHER_10500,SEASHELLS,3,5
33400,,SUBMISSION,VOLCANIC_ROCK_VOUCHER_9500,SEASHELLS,634,5
33500,SUBMISSION,,VOLCANIC_ROCK,SEASHELLS,10135,1
33500,,SUBMISSION,VOLCANIC_ROCK_VOUCHER_10250,SEASHELLS,27,5
33500,SUBMISSION,,VOLCANIC_ROCK_VOUCHER_10500,SEASHELLS,3,5
33600,SUBMISSION,,VOLCANIC_ROCK,SEASHELLS,10134,5
33600,,SUBMISSION,VOLCANIC_ROCK,SEASHELLS,10133,4
33600,,SUBMISSION,VOLCANIC_ROCK,SEASHELLS,10133,1
33600,SUBMISSION,,VOLCANIC_ROCK_VOUCHER_10000,SEASHELLS,157,5
33600,SUBMISSION,,VOLCANIC_ROCK_VOUCHER_10250,SEASHELLS,28,5
33600,,SUBMISSION,VOLCANIC_ROCK_VOUCHER_10500,SEASHELLS,2,5
33700,SUBMISSION,,VOLCANIC_ROCK,SEASHELLS,10135,5
33700,,SUBMISSION,VOLCANIC_ROCK,SEASHELLS,10134,1
33700,SUBMISSION,,VOLCANIC_ROCK_VOUCHER_10250,SEASHELLS,28,5
33700,,SUBMISSION,VOLCANIC_ROCK_VOUCHER_10500,SEASHELLS,2,5
33800,SUBMISSION,,VOLCANIC_ROCK,SEASHELLS,10134,1
33800,,SUBMISSION,VOLCANIC_ROCK_VOUCHER_10250,SEASHELLS,27,5
33800,SUBMISSION,,VOLCANIC_ROCK_VOUCHER_10500,SEASHELLS,3,5
33900,SUBMISSION,,VOLCANIC_ROCK,SEASHELLS,10134,5
33900,SUBMISSION,,VOLCANIC_ROCK,SEASHELLS,10134,1
33900,,SUBMISSION,VOLCANIC_ROCK_VOUCHER_10250,SEASHELLS,27,5
33900,SUBMISSION,,VOLCANIC_ROCK_VOUCHER_10500,SEASHELLS,3,5
33900,,SUBMISSION,VOLCANIC_ROCK_VOUCHER_9500,SEASHELLS,633,5
34000,SUBMISSION,,VOLCANIC_ROCK,SEASHELLS,10137,5
34000,SUBMISSION,,VOLCANIC_ROCK,SEASHELLS,10137,4
34000,,SUBMISSION,VOLCANIC_ROCK_VOUCHER_10000,SEASHELLS,160,5
34000,SUBMISSION,,VOLCANIC_ROCK_VOUCHER_10500,SEASHELLS,3,2
34000,,SUBMISSION,VOLCANIC_ROCK_VOUCHER_9500,SEASHELLS,636,5
34100,SUBMISSION,,VOLCANIC_ROCK,SEASHELLS,10136,1
34100,,SUBMISSION,VOLCANIC_ROCK_VOUCHER_10250,SEASHELLS,27,5
34200,,SUBMISSION,VOLCANIC_ROCK,SEASHELLS,10132,5
34200,,SUBMISSION,VOLCANIC_ROCK,SEASHELLS,10132,4
34200,,SUBMISSION,VOLCANIC_ROCK,SEASHELLS,10132,1
34200,SUBMISSION,,VOLCANIC_ROCK_VOUCHER_10000,SEASHELLS,155,5
34200,SUBMISSION,,VOLCANIC_ROCK_VOUCHER_10250,SEASHELLS,27,5
34200,SUBMISSION,,VOLCANIC_ROCK_VOUCHER_9500,SEASHELLS,632,5
34300,SUBMISSION,,VOLCANIC_ROCK,SEASHELLS,10133,5
34300,,SUBMISSION,VOLCANIC_ROCK,SEASHELLS,10132,1
34300,SUBMISSION,,VOLCANIC_ROCK_VOUCHER_10250,SEASHELLS,28,5
34300,,SUBMISSION,VOLCANIC_ROCK_VOUCHER_10500,SEASHELLS,2,5
34400,SUBMISSION,,VOLCANIC_ROCK,SEASHELLS,10131,1
34400,,SUBMISSION,VOLCANIC_ROCK_VOUCHER_10250,SEASHELLS,26,5
34400,SUBMISSION,,VOLCANIC_ROCK_VOUCHER_10500,SEASHELLS,3,5
34700,SUBMISSION,,VOLCANIC_ROCK,SEASHELLS,10130,5
34700,,SUBMISSION,VOLCANIC_ROCK,SEASHELLS,10128,5
34700,SUBMISSION,,VOLCANIC_ROCK,SEASHELLS,10130,4
34700,,SUBMISSION,VOLCANIC_ROCK_VOUCHER_10000,SEASHELLS,157,5
34700,,SUBMISSION,VOLCANIC_ROCK_VOUCHER_9500,SEASHELLS,629,5
34800,SUBMISSION,,VOLCANIC_ROCK,SEASHELLS,10133,4
34800,SUBMISSION,,VOLCANIC_ROCK,SEASHELLS,10133,1
34800,,SUBMISSION,VOLCANIC_ROCK_VOUCHER_10000,SEASHELLS,154,5
34800,,SUBMISSION,VOLCANIC_ROCK_VOUCHER_10250,SEASHELLS,26,5
34900,,SUBMISSION,VOLCANIC_ROCK,SEASHELLS,10129,5
34900,SUBMISSION,,VOLCANIC_ROCK,SEASHELLS,10130,5
34900,,SUBMISSION,VOLCANIC_ROCK,SEASHELLS,10129,4
34900,SUBMISSION,,VOLCANIC_ROCK_VOUCHER_10000,SEASHELLS,150,5
34900,,SUBMISSION,VOLCANIC_ROCK_VOUCHER_10500,SEASHELLS,2,5
34900,SUBMISSION,,VOLCANIC_ROCK_VOUCHER_9500,SEASHELLS,630,5
35000,SUBMISSION,,VOLCANIC_ROCK,SEASHELLS,10131,5
35000,,SUBMISSION,VOLCANIC_ROCK,SEASHELLS,10130,1
35000,SUBMISSION,,VOLCANIC_ROCK_VOUCHER_10250,SEASHELLS,27,5
35000,,SUBMISSION,VOLCANIC_ROCK_VOUCHER_10500,SEASHELLS,2,5
35100,SUBMISSION,,VOLCANIC_ROCK,SEASHELLS,10131,5
35100,,SUBMISSION,VOLCANIC_ROCK,SEASHELLS,10129,5
35100,SUBMISSION,,VOLCANIC_ROCK,SEASHELLS,10131,4
35100,,SUBMISSION,VOLCANIC_ROCK_VOUCHER_10000,SEASHELLS,155,5
35100,SUBMISSION,,VOLCANIC_ROCK_VOUCHER_10500,SEASHELLS,3,5
35100,,SUBMISSION,VOLCANIC_ROCK_VOUCHER_9500,SEASHELLS,630,5
35200,SUBMISSION,,VOLCANIC_ROCK,SEASHELLS,10131,5
35200,SUBMISSION,,VOLCANIC_ROCK,SEASHELLS,10131,4
35200,SUBMISSION,,VOLCANIC_ROCK,SEASHELLS,10131,1
35200,,SUBMISSION,VOLCANIC_ROCK_VOUCHER_10000,SEASHELLS,153,5
35200,,SUBMISSION,VOLCANIC_ROCK_VOUCHER_10250,SEASHELLS,26,5
35200,SUBMISSION,,VOLCANIC_ROCK_VOUCHER_10500,SEASHELLS,3,5
35200,,SUBMISSION,VOLCANIC_ROCK_VOUCHER_9500,SEASHELLS,630,5
35300,SUBMISSION,,VOLCANIC_ROCK,SEASHELLS,10129,5
35300,,SUBMISSION,VOLCANIC_ROCK,SEASHELLS,10128,4
35300,,SUBMISSION,VOLCANIC_ROCK,SEASHELLS,10128,1
35300,SUBMISSION,,VOLCANIC_ROCK_VOUCHER_10000,SEASHELLS,154,5
35300,SUBMISSION,,VOLCANIC_ROCK_VOUCHER_10250,SEASHELLS,27,5
35300,,SUBMISSION,VOLCANIC_ROCK_VOUCHER_10500,SEASHELLS,2,5
35400,SUBMISSION,,VOLCANIC_ROCK,SEASHELLS,10128,1
35400,,SUBMISSION,VOLCANIC_ROCK_VOUCHER_10250,SEASHELLS,25,5
35400,SUBMISSION,,VOLCANIC_ROCK_VOUCHER_10500,SEASHELLS,3,5
35500,SUBMISSION,,VOLCANIC_ROCK,SEASHELLS,10128,5
35500,SUBMISSION,,VOLCANIC_ROCK,SEASHELLS,10128,4
35500,SUBMISSION,,VOLCANIC_ROCK,SEASHELLS,10128,1
35500,,SUBMISSION,VOLCANIC_ROCK_VOUCHER_10000,SEASHELLS,150,5
35500,,SUBMISSION,VOLCANIC_ROCK_VOUCHER_10250,SEASHELLS,25,5
35500,,SUBMISSION,VOLCANIC_ROCK_VOUCHER_9500,SEASHELLS,627,5
35600,SUBMISSION,,VOLCANIC_ROCK,SEASHELLS,10130,5
35600,,SUBMISSION,VOLCANIC_ROCK,SEASHELLS,10129,4
35600,,SUBMISSION,VOLCANIC_ROCK,SEASHELLS,10129,1
35600,SUBMISSION,,VOLCANIC_ROCK_VOUCHER_10000,SEASHELLS,154,5
35600,SUBMISSION,,VOLCANIC_ROCK_VOUCHER_10250,SEASHELLS,27,5
35600,,SUBMISSION,VOLCANIC_ROCK_VOUCHER_10500,SEASHELLS,2,5
35700,SUBMISSION,,VOLCANIC_ROCK,SEASHELLS,10131,5
35700,,SUBMISSION,VOLCANIC_ROCK,SEASHELLS,10130,1
35700,SUBMISSION,,VOLCANIC_ROCK_VOUCHER_10250,SEASHELLS,27,5
35700,,SUBMISSION,VOLCANIC_ROCK_VOUCHER_10500,SEASHELLS,2,5
35800,SUBMISSION,,VOLCANIC_ROCK,SEASHELLS,10135,5
35800,,SUBMISSION,VOLCANIC_ROCK,SEASHELLS,10133,5
35800,SUBMISSION,,VOLCANIC_ROCK,SEASHELLS,10135,4
35800,,SUBMISSION,VOLCANIC_ROCK_VOUCHER_10000,SEASHELLS,160,5
35800,SUBMISSION,,VOLCANIC_ROCK_VOUCHER_10500,SEASHELLS,3,5
35800,,SUBMISSION,VOLCANIC_ROCK_VOUCHER_9500,SEASHELLS,634,5
35900,SUBMISSION,,VOLCANIC_ROCK_VOUCHER_10500,SEASHELLS,3,5
36000,SUBMISSION,,VOLCANIC_ROCK,SEASHELLS,10132,5
36000,SUBMISSION,,VOLCANIC_ROCK,SEASHELLS,10132,4
36000,,SUBMISSION,VOLCANIC_ROCK_VOUCHER_10000,SEASHELLS,154,5
36000,,SUBMISSION,VOLCANIC_ROCK_VOUCHER_9500,SEASHELLS,631,5
36100,SUBMISSION,,VOLCANIC_ROCK,SEASHELLS,10131,5
36100,SUBMISSION,,VOLCANIC_ROCK,SEASHELLS,10131,1
36100,,SUBMISSION,VOLCANIC_ROCK_VOUCHER_10250,SEASHELLS,26,5
36100,,SUBMISSION,VOLCANIC_ROCK_VOUCHER_9500,SEASHELLS,630,5
36200,SUBMISSION,,VOLCANIC_ROCK,SEASHELLS,10130,1
36200,,SUBMISSION,VOLCANIC_ROCK_VOUCHER_10250,SEASHELLS,26,5
36300,SUBMISSION,,VOLCANIC_ROCK,SEASHELLS,10129,5
36300,,SUBMISSION,VOLCANIC_ROCK,SEASHELLS,10128,4
36300,,SUBMISSION,VOLCANIC_ROCK,SEASHELLS,10128,1
36300,SUBMISSION,,VOLCANIC_ROCK_VOUCHER_10000,SEASHELLS,154,5
36300,SUBMISSION,,VOLCANIC_ROCK_VOUCHER_10250,SEASHELLS,27,5
36300,,SUBMISSION,VOLCANIC_ROCK_VOUCHER_10500,SEASHELLS,2,5
36400,SUBMISSION,,VOLCANIC_ROCK,SEASHELLS,10129,5
36400,SUBMISSION,,VOLCANIC_ROCK,SEASHELLS,10129,4
36400,,SUBMISSION,VOLCANIC_ROCK_VOUCHER_10000,SEASHELLS,153,5
36400,SUBMISSION,,VOLCANIC_ROCK_VOUCHER_10500,SEASHELLS,3,5
36400,,SUBMISSION,VOLCANIC_ROCK_VOUCHER_9500,SEASHELLS,628,5
36500,SUBMISSION,,VOLCANIC_ROCK,SEASHELLS,10127,1
36500,,SUBMISSION,VOLCANIC_ROCK,SEASHELLS,10126,4
36500,,SUBMISSION,VOLCANIC_ROCK,SEASHELLS,10126,1
36500,SUBMISSION,,VOLCANIC_ROCK_VOUCHER_10000,SEASHELLS,150,5
36500,SUBMISSION,,VOLCANIC_ROCK_VOUCHER_10250,SEASHELLS,26,5
36500,,SUBMISSION,VOLCANIC_ROCK_VOUCHER_10500,SEASHELLS,2,0
36500,,SUBMISSION,VOLCANIC_ROCK_VOUCHER_10500,SEASHELLS,2,1
36600,SUBMISSION,,VOLCANIC_ROCK,SEASHELLS,10129,5
36600,SUBMISSION,,VOLCANIC_ROCK,SEASHELLS,10129,4
36600,,SUBMISSION,VOLCANIC_ROCK_VOUCHER_10000,SEASHELLS,152,5
36600,SUBMISSION,,VOLCANIC_ROCK_VOUCHER_10500,SEASHELLS,3,1
36600,,SUBMISSION,VOLCANIC_ROCK_VOUCHER_9500,SEASHELLS,628,5
36700,SUBMISSION,,VOLCANIC_ROCK,SEASHELLS,10129,5
36700,,SUBMISSION,VOLCANIC_ROCK,SEASHELLS,10128,1
36700,SUBMISSION,,VOLCANIC_ROCK_VOUCHER_10250,SEASHELLS,26,5
36700,,SUBMISSION,VOLCANIC_ROCK_VOUCHER_10500,SEASHELLS,2,5
36800,SUBMISSION,,VOLCANIC_ROCK_VOUCHER_10500,SEASHELLS,3,5
36900,SUBMISSION,,VOLCANIC_ROCK,SEASHELLS,10132,5
36900,SUBMISSION,,VOLCANIC_ROCK,SEASHELLS,10132,4
36900,,SUBMISSION,VOLCANIC_ROCK_VOUCHER_10000,SEASHELLS,156,5
36900,,SUBMISSION,VOLCANIC_ROCK_VOUCHER_9500,SEASHELLS,632,5
37000,SUBMISSION,,VOLCANIC_ROCK,SEASHELLS,10133,5
37000,SUBMISSION,,VOLCANIC_ROCK,SEASHELLS,10133,4
37000,,SUBMISSION,VOLCANIC_ROCK_VOUCHER_10000,SEASHELLS,155,5
37000,,SUBMISSION,VOLCANIC_ROCK_VOUCHER_9500,SEASHELLS,632,5
37100,SUBMISSION,,VOLCANIC_ROCK,SEASHELLS,10132,5
37100,,SUBMISSION,VOLCANIC_ROCK,SEASHELLS,10131,4
37100,,SUBMISSION,VOLCANIC_ROCK,SEASHELLS,10131,1
37100,SUBMISSION,,VOLCANIC_ROCK_VOUCHER_10000,SEASHELLS,154,5
37100,SUBMISSION,,VOLCANIC_ROCK_VOUCHER_10250,SEASHELLS,27,5
37100,,SUBMISSION,VOLCANIC_ROCK_VOUCHER_10500,SEASHELLS,2,5
37300,SUBMISSION,,VOLCANIC_ROCK,SEASHELLS,10132,5
37300,,SUBMISSION,VOLCANIC_ROCK,SEASHELLS,10131,1
37300,SUBMISSION,,VOLCANIC_ROCK_VOUCHER_10250,SEASHELLS,27,5
37300,,SUBMISSION,VOLCANIC_ROCK_VOUCHER_10500,SEASHELLS,2,5
37400,,SUBMISSION,VOLCANIC_ROCK,SEASHELLS,10128,5
37400,SUBMISSION,,VOLCANIC_ROCK,SEASHELLS,10129,5
37400,,SUBMISSION,VOLCANIC_ROCK,SEASHELLS,10128,4
37400,,SUBMISSION,VOLCANIC_ROCK,SEASHELLS,10128,1
37400,SUBMISSION,,VOLCANIC_ROCK_VOUCHER_10000,SEASHELLS,150,5
37400,SUBMISSION,,VOLCANIC_ROCK_VOUCHER_10250,SEASHELLS,26,5
37400,,SUBMISSION,VOLCANIC_ROCK_VOUCHER_10500,SEASHELLS,2,5
37400,SUBMISSION,,VOLCANIC_ROCK_VOUCHER_9500,SEASHELLS,629,5
37500,SUBMISSION,,VOLCANIC_ROCK,SEASHELLS,10128,1
37500,,SUBMISSION,VOLCANIC_ROCK_VOUCHER_10250,SEASHELLS,25,5
37500,SUBMISSION,,VOLCANIC_ROCK_VOUCHER_10500,SEASHELLS,3,5
37600,SUBMISSION,,VOLCANIC_ROCK,SEASHELLS,10131,5
37600,,SUBMISSION,VOLCANIC_ROCK,SEASHELLS,10130,1
37600,SUBMISSION,,VOLCANIC_ROCK_VOUCHER_10250,SEASHELLS,27,5
37600,,SUBMISSION,VOLCANIC_ROCK_VOUCHER_10500,SEASHELLS,2,5
37700,SUBMISSION,,VOLCANIC_ROCK_VOUCHER_10500,SEASHELLS,3,5
37800,SUBMISSION,,VOLCANIC_ROCK,SEASHELLS,10131,5
37800,,SUBMISSION,VOLCANIC_ROCK,SEASHELLS,10130,4
37800,,SUBMISSION,VOLCANIC_ROCK,SEASHELLS,10130,1
37800,SUBMISSION,,VOLCANIC_ROCK_VOUCHER_10000,SEASHELLS,156,5
37800,SUBMISSION,,VOLCANIC_ROCK_VOUCHER_10250,SEASHELLS,27,5
37800,,SUBMISSION,VOLCANIC_ROCK_VOUCHER_10500,SEASHELLS,2,5
38000,SUBMISSION,,VOLCANIC_ROCK,SEASHELLS,10134,5
38000,,SUBMISSION,VOLCANIC_ROCK,SEASHELLS,10133,4
38000,SUBMISSION,,VOLCANIC_ROCK_VOUCHER_10000,SEASHELLS,158,5
38000,,SUBMISSION,VOLCANIC_ROCK_VOUCHER_10500,SEASHELLS,2,5
38100,SUBMISSION,,VOLCANIC_ROCK_VOUCHER_10500,SEASHELLS,3,5
38200,SUBMISSION,,VOLCANIC_ROCK,SEASHELLS,10139,5
38200,SUBMISSION,,VOLCANIC_ROCK,SEASHELLS,10139,1
38200,,SUBMISSION,VOLCANIC_ROCK_VOUCHER_10250,SEASHELLS,28,5
38200,SUBMISSION,,VOLCANIC_ROCK_VOUCHER_10500,SEASHELLS,3,5
38200,,SUBMISSION,VOLCANIC_ROCK_VOUCHER_9500,SEASHELLS,638,5
38300,SUBMISSION,,VOLCANIC_ROCK,SEASHELLS,10140,1
38300,,SUBMISSION,VOLCANIC_ROCK_VOUCHER_10250,SEASHELLS,28,5
38300,SUBMISSION,,VOLCANIC_ROCK_VOUCHER_10500,SEASHELLS,3,5
38400,SUBMISSION,,VOLCANIC_ROCK,SEASHELLS,10141,1
38400,,SUBMISSION,VOLCANIC_ROCK_VOUCHER_10250,SEASHELLS,28,5
38400,SUBMISSION,,VOLCANIC_ROCK_VOUCHER_10500,SEASHELLS,3,5
38500,,SUBMISSION,VOLCANIC_ROCK,SEASHELLS,10139,4
38500,SUBMISSION,,VOLCANIC_ROCK_VOUCHER_10000,SEASHELLS,159,5
38600,SUBMISSION,,VOLCANIC_ROCK,SEASHELLS,10140,5
38600,,SUBMISSION,VOLCANIC_ROCK,SEASHELLS,10139,4
38600,,SUBMISSION,VOLCANIC_ROCK,SEASHELLS,10139,1
38600,SUBMISSION,,VOLCANIC_ROCK_VOUCHER_10000,SEASHELLS,161,5
38600,SUBMISSION,,VOLCANIC_ROCK_VOUCHER_10250,SEASHELLS,29,5
38600,,SUBMISSION,VOLCANIC_ROCK_VOUCHER_10500,SEASHELLS,2,5
38700,SUBMISSION,,VOLCANIC_ROCK,SEASHELLS,10140,1
38700,,SUBMISSION,VOLCANIC_ROCK_VOUCHER_10250,SEASHELLS,28,5
38700,SUBMISSION,,VOLCANIC_ROCK_VOUCHER_10500,SEASHELLS,3,5
38800,SUBMISSION,,VOLCANIC_ROCK,SEASHELLS,10137,5
38800,,SUBMISSION,VOLCANIC_ROCK,SEASHELLS,10136,1
38800,SUBMISSION,,VOLCANIC_ROCK_VOUCHER_10250,SEASHELLS,28,5
38800,,SUBMISSION,VOLCANIC_ROCK_VOUCHER_10500,SEASHELLS,2,5
38900,SUBMISSION,,VOLCANIC_ROCK,SEASHELLS,10135,5
38900,,SUBMISSION,VOLCANIC_ROCK,SEASHELLS,10134,1
38900,SUBMISSION,,VOLCANIC_ROCK_VOUCHER_10250,SEASHELLS,28,5
38900,,SUBMISSION,VOLCANIC_ROCK_VOUCHER_10500,SEASHELLS,2,5
39000,SUBMISSION,,VOLCANIC_ROCK,SEASHELLS,10136,1
39000,,SUBMISSION,VOLCANIC_ROCK_VOUCHER_10250,SEASHELLS,27,5
39000,SUBMISSION,,VOLCANIC_ROCK_VOUCHER_10500,SEASHELLS,3,5
39100,,SUBMISSION,VOLCANIC_ROCK,SEASHELLS,10133,1
39100,SUBMISSION,,VOLCANIC_ROCK_VOUCHER_10250,SEASHELLS,28,5
39200,SUBMISSION,,VOLCANIC_ROCK,SEASHELLS,10136,5
39200,,SUBMISSION,VOLCANIC_ROCK,SEASHELLS,10135,1
39200,SUBMISSION,,VOLCANIC_ROCK_VOUCHER_10250,SEASHELLS,28,5
39200,,SUBMISSION,VOLCANIC_ROCK_VOUCHER_10500,SEASHELLS,2,5
39300,,SUBMISSION,VOLCANIC_ROCK,SEASHELLS,10135,5
39300,SUBMISSION,,VOLCANIC_ROCK,SEASHELLS,10136,5
39300,,SUBMISSION,VOLCANIC_ROCK_VOUCHER_10500,SEASHELLS,2,5
39300,SUBMISSION,,VOLCANIC_ROCK_VOUCHER_9500,SEASHELLS,636,5
39400,SUBMISSION,,VOLCANIC_ROCK,SEASHELLS,10131,5
39400,SUBMISSION,,VOLCANIC_ROCK,SEASHELLS,10131,4
39400,,SUBMISSION,VOLCANIC_ROCK_VOUCHER_10000,SEASHELLS,154,5
39400,SUBMISSION,,VOLCANIC_ROCK_VOUCHER_10500,SEASHELLS,3,5
39400,,SUBMISSION,VOLCANIC_ROCK_VOUCHER_9500,SEASHELLS,630,5
39700,SUBMISSION,,VOLCANIC_ROCK,SEASHELLS,10134,2
39700,,SUBMISSION,VOLCANIC_ROCK,SEASHELLS,10133,4
39700,SUBMISSION,,VOLCANIC_ROCK_VOUCHER_10000,SEASHELLS,155,5
39700,,SUBMISSION,VOLCANIC_ROCK_VOUCHER_10500,SEASHELLS,2,2
39800,SUBMISSION,,VOLCANIC_ROCK_VOUCHER_10500,SEASHELLS,3,5
40000,SUBMISSION,,VOLCANIC_ROCK,SEASHELLS,10136,5
40000,,SUBMISSION,VOLCANIC_ROCK_VOUCHER_10500,SEASHELLS,2,5
40100,SUBMISSION,,VOLCANIC_ROCK,SEASHELLS,10136,5
40100,,SUBMISSION,VOLCANIC_ROCK_VOUCHER_10500,SEASHELLS,2,5
40200,SUBMISSION,,VOLCANIC_ROCK,SEASHELLS,10138,5
40200,SUBMISSION,,VOLCANIC_ROCK,SEASHELLS,10138,4
40200,,SUBMISSION,VOLCANIC_ROCK_VOUCHER_10000,SEASHELLS,159,5
40200,SUBMISSION,,VOLCANIC_ROCK_VOUCHER_10500,SEASHELLS,3,5
40200,,SUBMISSION,VOLCANIC_ROCK_VOUCHER_9500,SEASHELLS,637,5
40300,SUBMISSION,,VOLCANIC_ROCK,SEASHELLS,10134,5
40300,,SUBMISSION,VOLCANIC_ROCK,SEASHELLS,10133,4
40300,SUBMISSION,,VOLCANIC_ROCK_VOUCHER_10000,SEASHELLS,150,5
40500,SUBMISSION,,VOLCANIC_ROCK_VOUCHER_10500,SEASHELLS,3,5
40600,SUBMISSION,,VOLCANIC_ROCK,SEASHELLS,10132,1
40600,,SUBMISSION,VOLCANIC_ROCK_VOUCHER_10250,SEASHELLS,26,5
40600,SUBMISSION,,VOLCANIC_ROCK_VOUCHER_10500,SEASHELLS,3,5
40700,SUBMISSION,,VOLCANIC_ROCK,SEASHELLS,10132,1
40700,,SUBMISSION,VOLCANIC_ROCK_VOUCHER_10250,SEASHELLS,26,5
40700,SUBMISSION,,VOLCANIC_ROCK_VOUCHER_10500,SEASHELLS,3,2
40900,SUBMISSION,,VOLCANIC_ROCK,SEASHELLS,10129,5
40900,,SUBMISSION,VOLCANIC_ROCK,SEASHELLS,10128,1
40900,SUBMISSION,,VOLCANIC_ROCK_VOUCHER_10250,SEASHELLS,26,5
40900,,SUBMISSION,VOLCANIC_ROCK_VOUCHER_10500,SEASHELLS,2,5
41000,,SUBMISSION,VOLCANIC_ROCK,SEASHELLS,10128,1
41000,SUBMISSION,,VOLCANIC_ROCK_VOUCHER_10250,SEASHELLS,26,5
41000,,SUBMISSION,VOLCANIC_ROCK_VOUCHER_10500,SEASHELLS,2,5
41200,SUBMISSION,,VOLCANIC_ROCK,SEASHELLS,10128,5
41200,SUBMISSION,,VOLCANIC_ROCK,SEASHELLS,10128,4
41200,,SUBMISSION,VOLCANIC_ROCK_VOUCHER_10000,SEASHELLS,151,5
41200,SUBMISSION,,VOLCANIC_ROCK_VOUCHER_10500,SEASHELLS,3,5
41200,,SUBMISSION,VOLCANIC_ROCK_VOUCHER_9500,SEASHELLS,627,5
41300,SUBMISSION,,VOLCANIC_ROCK,SEASHELLS,10129,5
41300,,SUBMISSION,VOLCANIC_ROCK,SEASHELLS,10128,4
41300,SUBMISSION,,VOLCANIC_ROCK_VOUCHER_10000,SEASHELLS,153,5
41300,,SUBMISSION,VOLCANIC_ROCK_VOUCHER_10500,SEASHELLS,2,5
41400,SUBMISSION,,VOLCANIC_ROCK_VOUCHER_10500,SEASHELLS,3,5
41500,,SUBMISSION,VOLCANIC_ROCK,SEASHELLS,10126,5
41500,SUBMISSION,,VOLCANIC_ROCK,SEASHELLS,10127,5
41500,,SUBMISSION,VOLCANIC_ROCK_VOUCHER_10500,SEASHELLS,2,5
41500,SUBMISSION,,VOLCANIC_ROCK_VOUCHER_9500,SEASHELLS,627,5
41600,SUBMISSION,,VOLCANIC_ROCK,SEASHELLS,10129,5
41600,,SUBMISSION,VOLCANIC_ROCK_VOUCHER_10500,SEASHELLS,2,5
41700,SUBMISSION,,VOLCANIC_ROCK,SEASHELLS,10128,5
41700,,SUBMISSION,VOLCANIC_ROCK_VOUCHER_10500,SEASHELLS,2,5
41800,SUBMISSION,,VOLCANIC_ROCK,SEASHELLS,10133,5
41800,,SUBMISSION,VOLCANIC_ROCK_VOUCHER_10500,SEASHELLS,2,5
41900,SUBMISSION,,VOLCANIC_ROCK,SEASHELLS,10131,5
41900,,SUBMISSION,VOLCANIC_ROCK_VOUCHER_10500,SEASHELLS,2,5
42000,,SUBMISSION,VOLCANIC_ROCK_VOUCHER_10500,SEASHELLS,2,5
42100,SUBMISSION,,VOLCANIC_ROCK,SEASHELLS,10134,5
42100,,SUBMISSION,VOLCANIC_ROCK_VOUCHER_10500,SEASHELLS,2,5
42200,SUBMISSION,,VOLCANIC_ROCK,SEASHELLS,10133,5
42200,SUBMISSION,,VOLCANIC_ROCK,SEASHELLS,10133,4
42200,,SUBMISSION,VOLCANIC_ROCK_VOUCHER_10000,SEASHELLS,155,5
42200,SUBMISSION,,VOLCANIC_ROCK_VOUCHER_10500,SEASHELLS,3,5
42200,,SUBMISSION,VOLCANIC_ROCK_VOUCHER_9500,SEASHELLS,632,5
42300,SUBMISSION,,VOLCANIC_ROCK,SEASHELLS,10133,5
42300,SUBMISSION,,VOLCANIC_ROCK,SEASHELLS,10133,4
42300,,SUBMISSION,VOLCANIC_ROCK_VOUCHER_10000,SEASHELLS,156,5
42300,SUBMISSION,,VOLCANIC_ROCK_VOUCHER_10500,SEASHELLS,3,5
42300,,SUBMISSION,VOLCANIC_ROCK_VOUCHER_9500,SEASHELLS,632,5
42400,,SUBMISSION,VOLCANIC_ROCK,SEASHELLS,10132,5
42400,SUBMISSION,,VOLCANIC_ROCK,SEASHELLS,10133,5
42400,,SUBMISSION,VOLCANIC_ROCK,SEASHELLS,10132,4
42400,SUBMISSION,,VOLCANIC_ROCK_VOUCHER_10000,SEASHELLS,154,5
42400,,SUBMISSION,VOLCANIC_ROCK_VOUCHER_10500,SEASHELLS,2,5
42400,SUBMISSION,,VOLCANIC_ROCK_VOUCHER_9500,SEASHELLS,633,5
42500,SUBMISSION,,VOLCANIC_ROCK,SEASHELLS,10135,1
42500,,SUBMISSION,VOLCANIC_ROCK_VOUCHER_10250,SEASHELLS,27,5
42500,SUBMISSION,,VOLCANIC_ROCK_VOUCHER_10500,SEASHELLS,3,5
42600,SUBMISSION,,VOLCANIC_ROCK,SEASHELLS,10132,1
42600,,SUBMISSION,VOLCANIC_ROCK_VOUCHER_10250,SEASHELLS,26,5
42600,SUBMISSION,,VOLCANIC_ROCK_VOUCHER_10500,SEASHELLS,3,5
42700,SUBMISSION,,VOLCANIC_ROCK,SEASHELLS,10133,1
42700,,SUBMISSION,VOLCANIC_ROCK_VOUCHER_10250,SEASHELLS,26,5
42700,SUBMISSION,,VOLCANIC_ROCK_VOUCHER_10500,SEASHELLS,3,5
42800,SUBMISSION,,VOLCANIC_ROCK,SEASHELLS,10132,1
42800,,SUBMISSION,VOLCANIC_ROCK_VOUCHER_10250,SEASHELLS,26,5
42800,SUBMISSION,,VOLCANIC_ROCK_VOUCHER_10500,SEASHELLS,3,5
42900,SUBMISSION,,VOLCANIC_ROCK,SEASHELLS,10134,4
42900,,SUBMISSION,VOLCANIC_ROCK_VOUCHER_10000,SEASHELLS,155,5
42900,SUBMISSION,,VOLCANIC_ROCK_VOUCHER_10500,SEASHELLS,3,5
43000,SUBMISSION,,VOLCANIC_ROCK,SEASHELLS,10134,5
43000,SUBMISSION,,VOLCANIC_ROCK,SEASHELLS,10134,4
43000,,SUBMISSION,VOLCANIC_ROCK_VOUCHER_10000,SEASHELLS,157,5
43000,SUBMISSION,,VOLCANIC_ROCK_VOUCHER_10500,SEASHELLS,3,5
43000,,SUBMISSION,VOLCANIC_ROCK_VOUCHER_9500,SEASHELLS,633,5
43100,,SUBMISSION,VOLCANIC_ROCK,SEASHELLS,10133,5
43100,SUBMISSION,,VOLCANIC_ROCK,SEASHELLS,10134,5
43100,,SUBMISSION,VOLCANIC_ROCK,SEASHELLS,10133,4
43100,,SUBMISSION,VOLCANIC_ROCK,SEASHELLS,10133,1
43100,SUBMISSION,,VOLCANIC_ROCK_VOUCHER_10000,SEASHELLS,155,5
43100,SUBMISSION,,VOLCANIC_ROCK_VOUCHER_10250,SEASHELLS,27,5
43100,,SUBMISSION,VOLCANIC_ROCK_VOUCHER_10500,SEASHELLS,2,5
43100,SUBMISSION,,VOLCANIC_ROCK_VOUCHER_9500,SEASHELLS,634,5
43200,SUBMISSION,,VOLCANIC_ROCK,SEASHELLS,10131,5
43200,,SUBMISSION,VOLCANIC_ROCK,SEASHELLS,10130,4
43200,,SUBMISSION,VOLCANIC_ROCK,SEASHELLS,10130,1
43200,SUBMISSION,,VOLCANIC_ROCK_VOUCHER_10000,SEASHELLS,155,5
43200,SUBMISSION,,VOLCANIC_ROCK_VOUCHER_10250,SEASHELLS,27,5
43200,,SUBMISSION,VOLCANIC_ROCK_VOUCHER_10500,SEASHELLS,2,5
43300,,SUBMISSION,VOLCANIC_ROCK,SEASHELLS,10132,1
43300,SUBMISSION,,VOLCANIC_ROCK_VOUCHER_10250,SEASHELLS,27,5
43400,SUBMISSION,,VOLCANIC_ROCK,SEASHELLS,10133,5
43400,SUBMISSION,,VOLCANIC_ROCK,SEASHELLS,10133,4
43400,,SUBMISSION,VOLCANIC_ROCK_VOUCHER_10000,SEASHELLS,156,5
43400,SUBMISSION,,VOLCANIC_ROCK_VOUCHER_10500,SEASHELLS,3,5
43400,,SUBMISSION,VOLCANIC_ROCK_VOUCHER_9500,SEASHELLS,632,5
43500,SUBMISSION,,VOLCANIC_ROCK_VOUCHER_10500,SEASHELLS,3,5
43600,SUBMISSION,,VOLCANIC_ROCK_VOUCHER_10500,SEASHELLS,3,5
43700,SUBMISSION,,VOLCANIC_ROCK,SEASHELLS,10133,5
43700,,SUBMISSION,VOLCANIC_ROCK,SEASHELLS,10132,4
43700,,SUBMISSION,VOLCANIC_ROCK,SEASHELLS,10132,1
43700,SUBMISSION,,VOLCANIC_ROCK_VOUCHER_10000,SEASHELLS,155,5
43700,SUBMISSION,,VOLCANIC_ROCK_VOUCHER_10250,SEASHELLS,27,5
43700,,SUBMISSION,VOLCANIC_ROCK_VOUCHER_10500,SEASHELLS,2,5
43800,SUBMISSION,,VOLCANIC_ROCK,SEASHELLS,10133,5
43800,,SUBMISSION,VOLCANIC_ROCK,SEASHELLS,10131,4
43800,SUBMISSION,,VOLCANIC_ROCK_VOUCHER_10000,SEASHELLS,156,5
43800,,SUBMISSION,VOLCANIC_ROCK_VOUCHER_10500,SEASHELLS,2,5
43900,SUBMISSION,,VOLCANIC_ROCK,SEASHELLS,10135,1
43900,,SUBMISSION,VOLCANIC_ROCK_VOUCHER_10250,SEASHELLS,27,5
43900,SUBMISSION,,VOLCANIC_ROCK_VOUCHER_10500,SEASHELLS,3,5
44100,SUBMISSION,,VOLCANIC_ROCK,SEASHELLS,10131,5
44100,,SUBMISSION,VOLCANIC_ROCK,SEASHELLS,10130,1
44100,SUBMISSION,,VOLCANIC_ROCK_VOUCHER_10250,SEASHELLS,27,5
44100,,SUBMISSION,VOLCANIC_ROCK_VOUCHER_10500,SEASHELLS,2,5
44200,SUBMISSION,,VOLCANIC_ROCK,SEASHELLS,10135,5
44200,,SUBMISSION,VOLCANIC_ROCK,SEASHELLS,10133,5
44200,SUBMISSION,,VOLCANIC_ROCK,SEASHELLS,10135,4
44200,,SUBMISSION,VOLCANIC_ROCK_VOUCHER_10000,SEASHELLS,160,5
44200,SUBMISSION,,VOLCANIC_ROCK_VOUCHER_10500,SEASHELLS,3,5
44200,,SUBMISSION,VOLCANIC_ROCK_VOUCHER_9500,SEASHELLS,634,5
44400,SUBMISSION,,VOLCANIC_ROCK,SEASHELLS,10140,5
44400,,SUBMISSION,VOLCANIC_ROCK,SEASHELLS,10139,4
44400,SUBMISSION,,VOLCANIC_ROCK_VOUCHER_10000,SEASHELLS,162,5
44400,,SUBMISSION,VOLCANIC_ROCK_VOUCHER_10500,SEASHELLS,2,5
44500,SUBMISSION,,VOLCANIC_ROCK,SEASHELLS,10142,1
44500,,SUBMISSION,VOLCANIC_ROCK_VOUCHER_10250,SEASHELLS,28,5
44500,SUBMISSION,,VOLCANIC_ROCK_VOUCHER_10500,SEASHELLS,3,5
44600,SUBMISSION,,VOLCANIC_ROCK,SEASHELLS,10143,5
44600,,SUBMISSION,VOLCANIC_ROCK,SEASHELLS,10142,1
44600,SUBMISSION,,VOLCANIC_ROCK_VOUCHER_10250,SEASHELLS,30,5
44600,,SUBMISSION,VOLCANIC_ROCK_VOUCHER_10500,SEASHELLS,2,5
44700,SUBMISSION,,VOLCANIC_ROCK,SEASHELLS,10147,5
44700,,SUBMISSION,VOLCANIC_ROCK_VOUCHER_10500,SEASHELLS,2,5
44800,SUBMISSION,,VOLCANIC_ROCK,SEASHELLS,10149,4
44800,SUBMISSION,,VOLCANIC_ROCK_VOUCHER_10500,SEASHELLS,3,5
44800,,SUBMISSION,VOLCANIC_ROCK_VOUCHER_9500,SEASHELLS,649,4
44900,SUBMISSION,,VOLCANIC_ROCK_VOUCHER_10500,SEASHELLS,3,5
45000,SUBMISSION,,VOLCANIC_ROCK_VOUCHER_10500,SEASHELLS,3,5
46100,SUBMISSION,,VOLCANIC_ROCK_VOUCHER_9500,SEASHELLS,631,5
46500,SUBMISSION,,VOLCANIC_ROCK_VOUCHER_9500,SEASHELLS,640,5
46900,SUBMISSION,,VOLCANIC_ROCK_VOUCHER_9500,SEASHELLS,639,5
47000,,SUBMISSION,VOLCANIC_ROCK_VOUCHER_10000,SEASHELLS,160,5
47000,,SUBMISSION,VOLCANIC_ROCK_VOUCHER_10250,SEASHELLS,28,3
47100,,SUBMISSION,VOLCANIC_ROCK,SEASHELLS,10141,4
47100,,SUBMISSION,VOLCANIC_ROCK,SEASHELLS,10141,1
47100,SUBMISSION,,VOLCANIC_ROCK_VOUCHER_10000,SEASHELLS,163,5
47100,SUBMISSION,,VOLCANIC_ROCK_VOUCHER_10250,SEASHELLS,30,3
47100,,SUBMISSION,VOLCANIC_ROCK_VOUCHER_10500,SEASHELLS,2,5
47200,SUBMISSION,,VOLCANIC_ROCK,SEASHELLS,10142,5
47500,SUBMISSION,,VOLCANIC_ROCK_VOUCHER_10500,SEASHELLS,3,5
47600,SUBMISSION,,VOLCANIC_ROCK_VOUCHER_9500,SEASHELLS,638,5
48400,SUBMISSION,,VOLCANIC_ROCK_VOUCHER_9500,SEASHELLS,645,5
48500,SUBMISSION,,VOLCANIC_ROCK_VOUCHER_9500,SEASHELLS,645,5
50000,SUBMISSION,,VOLCANIC_ROCK_VOUCHER_9500,SEASHELLS,659,5
50800,SUBMISSION,,VOLCANIC_ROCK_VOUCHER_9500,SEASHELLS,650,2
51000,,SUBMISSION,VOLCANIC_ROCK,SEASHELLS,10148,4
51000,SUBMISSION,,VOLCANIC_ROCK_VOUCHER_9500,SEASHELLS,648,4
51200,SUBMISSION,,VOLCANIC_ROCK,SEASHELLS,10148,4
51200,,SUBMISSION,VOLCANIC_ROCK_VOUCHER_9500,SEASHELLS,647,4
51700,SUBMISSION,,VOLCANIC_ROCK_VOUCHER_9500,SEASHELLS,649,5
51800,SUBMISSION,,VOLCANIC_ROCK_VOUCHER_9500,SEASHELLS,651,5
52200,SUBMISSION,,VOLCANIC_ROCK_VOUCHER_9500,SEASHELLS,655,5
53300,SUBMISSION,,VOLCANIC_ROCK_VOUCHER_9500,SEASHELLS,656,5
53600,SUBMISSION,,VOLCANIC_ROCK_VOUCHER_9500,SEASHELLS,658,5
54400,SUBMISSION,,VOLCANIC_ROCK_VOUCHER_9500,SEASHELLS,655,5
55100,SUBMISSION,,VOLCANIC_ROCK_VOUCHER_9500,SEASHELLS,655,5
55300,SUBMISSION,,VOLCANIC_ROCK_VOUCHER_9500,SEASHELLS,655,5
55700,SUBMISSION,,VOLCANIC_ROCK_VOUCHER_9500,SEASHELLS,649,5
56400,SUBMISSION,,VOLCANIC_ROCK_VOUCHER_9500,SEASHELLS,639,5
56500,SUBMISSION,,VOLCANIC_ROCK_VOUCHER_9500,SEASHELLS,638,5
56600,SUBMISSION,,VOLCANIC_ROCK_VOUCHER_9500,SEASHELLS,639,5
56700,SUBMISSION,,VOLCANIC_ROCK_VOUCHER_9500,SEASHELLS,641,5
57300,SUBMISSION,,VOLCANIC_ROCK_VOUCHER_9500,SEASHELLS,641,5
57400,,SUBMISSION,VOLCANIC_ROCK_VOUCHER_10000,SEASHELLS,164,5
57900,,SUBMISSION,VOLCANIC_ROCK_VOUCHER_10000,SEASHELLS,171,5
58100,SUBMISSION,,VOLCANIC_ROCK_VOUCHER_10000,SEASHELLS,165,5
58100,,SUBMISSION,VOLCANIC_ROCK_VOUCHER_10500,SEASHELLS,2,5
58100,SUBMISSION,,VOLCANIC_ROCK_VOUCHER_9500,SEASHELLS,645,5
58200,SUBMISSION,,VOLCANIC_ROCK_VOUCHER_10500,SEASHELLS,3,5
58400,SUBMISSION,,VOLCANIC_ROCK_VOUCHER_10000,SEASHELLS,163,5
58400,,SUBMISSION,VOLCANIC_ROCK_VOUCHER_10500,SEASHELLS,2,5
58400,SUBMISSION,,VOLCANIC_ROCK_VOUCHER_9500,SEASHELLS,646,5
58500,SUBMISSION,,VOLCANIC_ROCK_VOUCHER_10500,SEASHELLS,3,5
58600,SUBMISSION,,VOLCANIC_ROCK_VOUCHER_9500,SEASHELLS,645,5
58900,,SUBMISSION,VOLCANIC_ROCK,SEASHELLS,10144,3
58900,SUBMISSION,,VOLCANIC_ROCK_VOUCHER_9500,SEASHELLS,644,3
59000,,SUBMISSION,VOLCANIC_ROCK_VOUCHER_10500,SEASHELLS,2,5
59000,SUBMISSION,,VOLCANIC_ROCK_VOUCHER_9500,SEASHELLS,643,5
59300,,SUBMISSION,VOLCANIC_ROCK_VOUCHER_10500,SEASHELLS,2,5
59300,SUBMISSION,,VOLCANIC_ROCK_VOUCHER_9500,SEASHELLS,647,5
59400,SUBMISSION,,VOLCANIC_ROCK,SEASHELLS,10148,3
59600,SUBMISSION,,VOLCANIC_ROCK_VOUCHER_10500,SEASHELLS,3,5
59700,SUBMISSION,,VOLCANIC_ROCK_VOUCHER_10500,SEASHELLS,3,5
61900,SUBMISSION,,VOLCANIC_ROCK_VOUCHER_9500,SEASHELLS,657,5
62700,SUBMISSION,,VOLCANIC_ROCK_VOUCHER_9500,SEASHELLS,659,5
63400,SUBMISSION,,VOLCANIC_ROCK_VOUCHER_9500,SEASHELLS,658,5
63500,SUBMISSION,,VOLCANIC_ROCK_VOUCHER_9500,SEASHELLS,652,5
63800,SUBMISSION,,VOLCANIC_ROCK_VOUCHER_9500,SEASHELLS,657,5
65400,SUBMISSION,,VOLCANIC_ROCK_VOUCHER_9500,SEASHELLS,654,5
65700,SUBMISSION,,VOLCANIC_ROCK_VOUCHER_9500,SEASHELLS,657,5
66000,SUBMISSION,,VOLCANIC_ROCK_VOUCHER_9500,SEASHELLS,656,5
67000,,SUBMISSION,VOLCANIC_ROCK_VOUCHER_10000,SEASHELLS,169,5
67000,,SUBMISSION,VOLCANIC_ROCK_VOUCHER_10250,SEASHELLS,31,3
67200,SUBMISSION,,VOLCANIC_ROCK_VOUCHER_10000,SEASHELLS,174,5
67200,SUBMISSION,,VOLCANIC_ROCK_VOUCHER_10250,SEASHELLS,32,3
67200,,SUBMISSION,VOLCANIC_ROCK_VOUCHER_10500,SEASHELLS,2,5
67200,SUBMISSION,,VOLCANIC_ROCK_VOUCHER_9500,SEASHELLS,653,5
67300,SUBMISSION,,VOLCANIC_ROCK_VOUCHER_10500,SEASHELLS,3,5
67700,SUBMISSION,,VOLCANIC_ROCK_VOUCHER_9500,SEASHELLS,647,5
67900,SUBMISSION,,VOLCANIC_ROCK_VOUCHER_9500,SEASHELLS,645,5
68000,SUBMISSION,,VOLCANIC_ROCK_VOUCHER_9500,SEASHELLS,648,5
68300,SUBMISSION,,VOLCANIC_ROCK_VOUCHER_9500,SEASHELLS,651,5
68700,SUBMISSION,,VOLCANIC_ROCK_VOUCHER_9500,SEASHELLS,651,5
69100,SUBMISSION,,VOLCANIC_ROCK_VOUCHER_9500,SEASHELLS,654,5
69200,SUBMISSION,,VOLCANIC_ROCK_VOUCHER_9500,SEASHELLS,655,5
70000,SUBMISSION,,VOLCANIC_ROCK_VOUCHER_9500,SEASHELLS,657,4
71300,,SUBMISSION,VOLCANIC_ROCK_VOUCHER_10000,SEASHELLS,175,5
71300,,SUBMISSION,VOLCANIC_ROCK_VOUCHER_10250,SEASHELLS,33,3
71400,,SUBMISSION,VOLCANIC_ROCK,SEASHELLS,10160,4
71400,,SUBMISSION,VOLCANIC_ROCK,SEASHELLS,10160,1
71400,SUBMISSION,,VOLCANIC_ROCK_VOUCHER_10000,SEASHELLS,177,5
71400,SUBMISSION,,VOLCANIC_ROCK_VOUCHER_10250,SEASHELLS,34,3
71400,,SUBMISSION,VOLCANIC_ROCK_VOUCHER_10500,SEASHELLS,3,5
71500,SUBMISSION,,VOLCANIC_ROCK_VOUCHER_10500,SEASHELLS,4,5
71600,SUBMISSION,,VOLCANIC_ROCK,SEASHELLS,10161,4
71600,,SUBMISSION,VOLCANIC_ROCK_VOUCHER_10000,SEASHELLS,180,5
71800,SUBMISSION,,VOLCANIC_ROCK,SEASHELLS,10161,1
71900,,SUBMISSION,VOLCANIC_ROCK,SEASHELLS,10159,4
71900,SUBMISSION,,VOLCANIC_ROCK_VOUCHER_10000,SEASHELLS,177,5
71900,,SUBMISSION,VOLCANIC_ROCK_VOUCHER_10500,SEASHELLS,3,5
72000,SUBMISSION,,VOLCANIC_ROCK,SEASHELLS,10161,3
72000,,SUBMISSION,VOLCANIC_ROCK_VOUCHER_10000,SEASHELLS,178,4
72000,SUBMISSION,,VOLCANIC_ROCK_VOUCHER_10500,SEASHELLS,4,5
72100,SUBMISSION,,VOLCANIC_ROCK,SEASHELLS,10159,1
72100,,SUBMISSION,VOLCANIC_ROCK,SEASHELLS,10158,3
72100,SUBMISSION,,VOLCANIC_ROCK_VOUCHER_10000,SEASHELLS,179,4
72100,,SUBMISSION,VOLCANIC_ROCK_VOUCHER_10500,SEASHELLS,3,5
72200,SUBMISSION,,VOLCANIC_ROCK,SEASHELLS,10160,2
72200,,SUBMISSION,VOLCANIC_ROCK_VOUCHER_10000,SEASHELLS,178,3
72200,SUBMISSION,,VOLCANIC_ROCK_VOUCHER_10500,SEASHELLS,4,5
72400,SUBMISSION,,VOLCANIC_ROCK,SEASHELLS,10159,1
72400,,SUBMISSION,VOLCANIC_ROCK_VOUCHER_10250,SEASHELLS,33,3
72600,,SUBMISSION,VOLCANIC_ROCK,SEASHELLS,10158,2
72600,,SUBMISSION,VOLCANIC_ROCK,SEASHELLS,10158,1
72600,SUBMISSION,,VOLCANIC_ROCK_VOUCHER_10000,SEASHELLS,175,3
72600,SUBMISSION,,VOLCANIC_ROCK_VOUCHER_10250,SEASHELLS,34,3
72700,SUBMISSION,,VOLCANIC_ROCK,SEASHELLS,10160,2
72700,,SUBMISSION,VOLCANIC_ROCK_VOUCHER_10000,SEASHELLS,177,3
72800,SUBMISSION,,VOLCANIC_ROCK,SEASHELLS,10163,1
72800,,SUBMISSION,VOLCANIC_ROCK_VOUCHER_10250,SEASHELLS,34,3
73000,,SUBMISSION,VOLCANIC_ROCK,SEASHELLS,10158,1
73000,SUBMISSION,,VOLCANIC_ROCK_VOUCHER_10250,SEASHELLS,34,3
73000,,SUBMISSION,VOLCANIC_ROCK_VOUCHER_10500,SEASHELLS,3,5
73100,SUBMISSION,,VOLCANIC_ROCK,SEASHELLS,10159,1
73100,,SUBMISSION,VOLCANIC_ROCK_VOUCHER_10250,SEASHELLS,33,3
73100,SUBMISSION,,VOLCANIC_ROCK_VOUCHER_10500,SEASHELLS,4,5
73400,,SUBMISSION,VOLCANIC_ROCK,SEASHELLS,10166,3
73400,SUBMISSION,,VOLCANIC_ROCK_VOUCHER_10000,SEASHELLS,179,3
73500,,SUBMISSION,VOLCANIC_ROCK,SEASHELLS,10164,1
73500,SUBMISSION,,VOLCANIC_ROCK_VOUCHER_10250,SEASHELLS,35,3
73500,,SUBMISSION,VOLCANIC_ROCK_VOUCHER_10500,SEASHELLS,3,5
73600,,SUBMISSION,VOLCANIC_ROCK_VOUCHER_10500,SEASHELLS,3,5
73700,SUBMISSION,,VOLCANIC_ROCK_VOUCHER_10500,SEASHELLS,4,5
73800,,SUBMISSION,VOLCANIC_ROCK_VOUCHER_10500,SEASHELLS,3,5
73900,,SUBMISSION,VOLCANIC_ROCK_VOUCHER_10500,SEASHELLS,3,5
74000,SUBMISSION,,VOLCANIC_ROCK,SEASHELLS,10164,1
74000,,SUBMISSION,VOLCANIC_ROCK,SEASHELLS,10162,5
74000,SUBMISSION,,VOLCANIC_ROCK,SEASHELLS,10164,1
74000,,SUBMISSION,VOLCANIC_ROCK_VOUCHER_10000,SEASHELLS,180,1
74000,,SUBMISSION,VOLCANIC_ROCK_VOUCHER_10250,SEASHELLS,34,1
74000,SUBMISSION,,VOLCANIC_ROCK_VOUCHER_10500,SEASHELLS,4,5
74000,,SUBMISSION,VOLCANIC_ROCK_VOUCHER_9500,SEASHELLS,663,1
74100,SUBMISSION,,VOLCANIC_ROCK_VOUCHER_10250,SEASHELLS,35,1
74100,,SUBMISSION,VOLCANIC_ROCK_VOUCHER_10500,SEASHELLS,3,5
74200,SUBMISSION,,VOLCANIC_ROCK,SEASHELLS,10166,5
74200,,SUBMISSION,VOLCANIC_ROCK,SEASHELLS,10165,1
74200,SUBMISSION,,VOLCANIC_ROCK_VOUCHER_10000,SEASHELLS,180,1
74300,SUBMISSION,,VOLCANIC_ROCK_VOUCHER_10500,SEASHELLS,4,5
